%YAML 1.1
%TAG !u! tag:unity3d.com,2011:
--- !u!1 &163012
GameObject:
  m_ObjectHideFlags: 0
  m_PrefabParentObject: {fileID: 0}
  m_PrefabInternal: {fileID: 100100000}
  serializedVersion: 5
  m_Component:
  - component: {fileID: 424654}
  - component: {fileID: 11419576}
  - component: {fileID: 11415326}
  m_Layer: 0
  m_Name: Level 3-1 LD
  m_TagString: Untagged
  m_Icon: {fileID: 0}
  m_NavMeshLayer: 0
  m_StaticEditorFlags: 0
  m_IsActive: 1
--- !u!4 &424654
Transform:
  m_ObjectHideFlags: 1
  m_PrefabParentObject: {fileID: 0}
  m_PrefabInternal: {fileID: 100100000}
  m_GameObject: {fileID: 163012}
  m_LocalRotation: {x: 0, y: 0, z: 0, w: 1}
  m_LocalPosition: {x: 0, y: 0, z: 0}
  m_LocalScale: {x: 1, y: 1, z: 1}
  m_Children: []
  m_Father: {fileID: 0}
  m_RootOrder: 0
  m_LocalEulerAnglesHint: {x: 0, y: 0, z: 0}
--- !u!114 &11415326
MonoBehaviour:
  m_ObjectHideFlags: 1
  m_PrefabParentObject: {fileID: 0}
  m_PrefabInternal: {fileID: 100100000}
  m_GameObject: {fileID: 163012}
  m_Enabled: 1
  m_EditorHideFlags: 0
  m_Script: {fileID: 11500000, guid: b35770897de0bcb46809566fd974b8e4, type: 3}
  m_Name: 
  m_EditorClassIdentifier: 
--- !u!114 &11419576
MonoBehaviour:
  m_ObjectHideFlags: 1
  m_PrefabParentObject: {fileID: 0}
  m_PrefabInternal: {fileID: 100100000}
  m_GameObject: {fileID: 163012}
  m_Enabled: 1
  m_EditorHideFlags: 0
  m_Script: {fileID: 11500000, guid: 0703be101c1d61e4593e64684f3ecc89, type: 3}
  m_Name: 
  m_EditorClassIdentifier: 
  Wave: 37000000
  Story: 
  fatSpeed: 10.2
  fatDamage: 1
  fatMustacheDrop: 1
  fatHealth: 30
  thinSpeed: 6
  thinDamage: 1
  thinMustacheDrop: 1
  thinHealth: 16
  muscleSpeed: 8
  muscleDamage: 2
  muscleMustacheDrop: 2
  muscleHealth: 22
  giantSpeed: 0
  giantDamage: 0
  giantMustacheDrop: 0
  giantHealth: 0
  hfSpeed: 3.8
  hfDamage: 1
  hfMustacheDrop: 1
  hfHealth: 11
  hfxSpeed: 4.1
  hfxDamage: 4
  hfxMustacheDrop: 2
  hfxHealth: 11
  barrelSpeed: 8.7
  barrelDamage: 1
  barrelMustacheDrop: 3
  barrelHealth: 20
  barrelxSpeed: 0
  barrelxDamage: 0
  barrelxMustacheDrop: 0
  barrelxHealth: 0
  barrelqSpeed: 0
  barrelqDamage: 0
  barrelqMustacheDrop: 0
  barrelqHealth: 0
  hfStickyHealth: 2
  hfxExplosionDamage: 11
  barrelVulnerableTime: 1.5
  barrelXExplosionDamage: 11
  barrelXVulnerableTime: 0
  barrelQExplosionDamage: 0
  barrelQVulnerableTime: 0
  barrelQHedgehogDamage: 0
  Mustache: c8000000c8000000
  RandomChest: 
  Items: 84000000
  FixedChest: []
  missesThresholdPercent: 92
  enemyList:
  - enemyType: 4
    enemySpawnTime: 2
    enemyMustache: 0
    enemyHP: 
    enemyDamage: 0
    enemyLane: 1
    enemyMoveSpeed: 0
    explosionDamage: 0
    itemValue: 0
    itemTimeVariation: 0
    Hp: 22
    randomPool: lurd
    itemRandomPool: a
    id: 0
    AbsoluteTime: 2
    flagAlarm: 0
  - enemyType: 4
    enemySpawnTime: 0
    enemyMustache: 0
    enemyHP: 
    enemyDamage: 0
    enemyLane: 2
    enemyMoveSpeed: 0
    explosionDamage: 0
    itemValue: 0
    itemTimeVariation: 0
    Hp: 22
    randomPool: lurd
    itemRandomPool: a
    id: 1
    AbsoluteTime: 2
    flagAlarm: 0
  - enemyType: 2
    enemySpawnTime: 3.5
    enemyMustache: 0
    enemyHP: 
    enemyDamage: 0
    enemyLane: 0
    enemyMoveSpeed: 0
    explosionDamage: 0
    itemValue: 0
    itemTimeVariation: 0
    Hp: 16
    randomPool: lurd
    itemRandomPool: a
    id: 2
    AbsoluteTime: 5.5
    flagAlarm: 0
  - enemyType: 2
    enemySpawnTime: 0
    enemyMustache: 0
    enemyHP: 
    enemyDamage: 0
    enemyLane: 3
    enemyMoveSpeed: 0
    explosionDamage: 0
    itemValue: 0
    itemTimeVariation: 0
    Hp: 16
    randomPool: lurd
    itemRandomPool: a
    id: 3
    AbsoluteTime: 5.5
    flagAlarm: 0
  - enemyType: 41
    enemySpawnTime: 5.5
    enemyMustache: 0
    enemyHP: 
    enemyDamage: 0
    enemyLane: 3
    enemyMoveSpeed: 5
    explosionDamage: 0
    itemValue: 1
    itemTimeVariation: 0
    Hp: 10
    randomPool: lurd
    itemRandomPool: a
    id: 4
    AbsoluteTime: 11
    flagAlarm: 0
  - enemyType: 4
    enemySpawnTime: 2.8
    enemyMustache: 0
    enemyHP: 
    enemyDamage: 0
    enemyLane: 1
    enemyMoveSpeed: 5
    explosionDamage: 0
    itemValue: 1
    itemTimeVariation: 0
    Hp: 22
    randomPool: lurd
    itemRandomPool: a
    id: 5
    AbsoluteTime: 13.8
    flagAlarm: 0
  - enemyType: 4
    enemySpawnTime: 0
    enemyMustache: 0
    enemyHP: 
    enemyDamage: 0
    enemyLane: 2
    enemyMoveSpeed: 5
    explosionDamage: 0
    itemValue: 1
    itemTimeVariation: 0
    Hp: 22
    randomPool: lurd
    itemRandomPool: a
    id: 6
    AbsoluteTime: 13.8
    flagAlarm: 0
  - enemyType: 0
    enemySpawnTime: 2.4
    enemyMustache: 0
    enemyHP: 
    enemyDamage: 0
    enemyLane: 0
    enemyMoveSpeed: 5
    explosionDamage: 0
    itemValue: 1
    itemTimeVariation: 0
    Hp: 30
    randomPool: lurd
    itemRandomPool: a
    id: 7
    AbsoluteTime: 16.2
    flagAlarm: 0
  - enemyType: 0
    enemySpawnTime: 0
    enemyMustache: 0
    enemyHP: 
    enemyDamage: 0
    enemyLane: 3
    enemyMoveSpeed: 5
    explosionDamage: 0
    itemValue: 1
    itemTimeVariation: 0
    Hp: 30
    randomPool: lurd
    itemRandomPool: a
    id: 8
    AbsoluteTime: 16.2
    flagAlarm: 0
  - enemyType: 12
    enemySpawnTime: 10
    enemyMustache: 0
    enemyHP: 
    enemyDamage: 0
    enemyLane: 1
    enemyMoveSpeed: 5
    explosionDamage: 0
    itemValue: 1
    itemTimeVariation: 0
    Hp: 20
    randomPool: lurd
    itemRandomPool: a
    id: 9
    AbsoluteTime: 26.2
    flagAlarm: 0
  - enemyType: 12
    enemySpawnTime: 13
    enemyMustache: 0
    enemyHP: lrddduu
    enemyDamage: 0
    enemyLane: 3
    enemyMoveSpeed: 5
    explosionDamage: 0
    itemValue: 1
    itemTimeVariation: 0
    Hp: 20
    randomPool: lurd
    itemRandomPool: a
    id: 10
    AbsoluteTime: 39.2
    flagAlarm: 0
  - enemyType: 4
    enemySpawnTime: 0
    enemyMustache: 0
    enemyHP: lrdddrl
    enemyDamage: 0
    enemyLane: 2
    enemyMoveSpeed: 5
    explosionDamage: 0
    itemValue: 1
    itemTimeVariation: 0
    Hp: 22
    randomPool: lurd
    itemRandomPool: a
    id: 11
    AbsoluteTime: 39.2
    flagAlarm: 0
  - enemyType: 12
    enemySpawnTime: 12
    enemyMustache: 0
    enemyHP: 
    enemyDamage: 0
    enemyLane: 1
    enemyMoveSpeed: 5
    explosionDamage: 0
    itemValue: 1
    itemTimeVariation: 0
    Hp: 20
    randomPool: lurd
    itemRandomPool: a
    id: 12
    AbsoluteTime: 51.2
    flagAlarm: 0
  - enemyType: 10
    enemySpawnTime: 3.5
    enemyMustache: 0
    enemyHP: 
    enemyDamage: 0
    enemyLane: 2
    enemyMoveSpeed: 5
    explosionDamage: 0
    itemValue: 1
    itemTimeVariation: 0
    Hp: 11
    randomPool: lurd
    itemRandomPool: a
    id: 13
    AbsoluteTime: 54.7
    flagAlarm: 0
  - enemyType: 2
    enemySpawnTime: 10.8
    enemyMustache: 0
    enemyHP: 
    enemyDamage: 0
    enemyLane: 0
    enemyMoveSpeed: 5
    explosionDamage: 0
    itemValue: 1
    itemTimeVariation: 0
    Hp: 16
    randomPool: lurd
    itemRandomPool: a
    id: 14
    AbsoluteTime: 65.5
    flagAlarm: 0
  - enemyType: 2
    enemySpawnTime: 0
    enemyMustache: 0
    enemyHP: 
    enemyDamage: 0
    enemyLane: 2
    enemyMoveSpeed: 5
    explosionDamage: 0
    itemValue: 1
    itemTimeVariation: 0
    Hp: 16
    randomPool: lurd
    itemRandomPool: a
    id: 15
    AbsoluteTime: 65.5
    flagAlarm: 0
  - enemyType: 2
    enemySpawnTime: 2.8
    enemyMustache: 0
    enemyHP: ddruru
    enemyDamage: 0
    enemyLane: 1
    enemyMoveSpeed: 5
    explosionDamage: 0
    itemValue: 1
    itemTimeVariation: 0
    Hp: 16
    randomPool: lurd
    itemRandomPool: a
    id: 16
    AbsoluteTime: 68.3
    flagAlarm: 0
  - enemyType: 2
    enemySpawnTime: 0
    enemyMustache: 0
    enemyHP: ldruru
    enemyDamage: 0
    enemyLane: 3
    enemyMoveSpeed: 5
    explosionDamage: 0
    itemValue: 1
    itemTimeVariation: 0
    Hp: 16
    randomPool: lurd
    itemRandomPool: a
    id: 17
    AbsoluteTime: 68.3
    flagAlarm: 0
  - enemyType: 12
    enemySpawnTime: 3
    enemyMustache: 0
    enemyHP: 8**22
    enemyDamage: 0
    enemyLane: 2
    enemyMoveSpeed: 5
    explosionDamage: 0
    itemValue: 1
    itemTimeVariation: 0
    Hp: 20
    randomPool: lurd
    itemRandomPool: a
    id: 18
    AbsoluteTime: 71.3
    flagAlarm: 0
  - enemyType: 2
    enemySpawnTime: 3
    enemyMustache: 0
    enemyHP: ddruru
    enemyDamage: 0
    enemyLane: 1
    enemyMoveSpeed: 5
    explosionDamage: 0
    itemValue: 1
    itemTimeVariation: 0
    Hp: 16
    randomPool: lurd
    itemRandomPool: a
    id: 19
    AbsoluteTime: 74.3
    flagAlarm: 0
  - enemyType: 2
    enemySpawnTime: 0
    enemyMustache: 0
    enemyHP: ldruru
    enemyDamage: 0
    enemyLane: 3
    enemyMoveSpeed: 5
    explosionDamage: 0
    itemValue: 1
    itemTimeVariation: 0
    Hp: 16
    randomPool: lurd
    itemRandomPool: a
    id: 20
    AbsoluteTime: 74.3
    flagAlarm: 0
  - enemyType: 41
    enemySpawnTime: 6
    enemyMustache: 0
    enemyHP: 
    enemyDamage: 0
    enemyLane: 3
    enemyMoveSpeed: 8
    explosionDamage: 0
    itemValue: 2
    itemTimeVariation: 0
    Hp: 15
    randomPool: lurd
    itemRandomPool: a
    id: 21
    AbsoluteTime: 80.3
    flagAlarm: 0
  - enemyType: 12
    enemySpawnTime: 5
    enemyMustache: 0
    enemyHP: ldr
    enemyDamage: 0
    enemyLane: 1
    enemyMoveSpeed: 8
    explosionDamage: 0
    itemValue: 2
    itemTimeVariation: 0
    Hp: 20
    randomPool: lurd
    itemRandomPool: a
    id: 22
    AbsoluteTime: 85.3
    flagAlarm: 0
  - enemyType: 12
    enemySpawnTime: 0
    enemyMustache: 0
    enemyHP: ldr
    enemyDamage: 0
    enemyLane: 2
    enemyMoveSpeed: 8
    explosionDamage: 0
    itemValue: 2
    itemTimeVariation: 0
    Hp: 20
    randomPool: lurd
    itemRandomPool: a
    id: 23
    AbsoluteTime: 85.3
    flagAlarm: 0
  - enemyType: 12
    enemySpawnTime: 7
    enemyMustache: 0
    enemyHP: 
    enemyDamage: 0
    enemyLane: 0
    enemyMoveSpeed: 8
    explosionDamage: 0
    itemValue: 2
    itemTimeVariation: 0
    Hp: 20
    randomPool: lurd
    itemRandomPool: a
    id: 24
    AbsoluteTime: 92.3
    flagAlarm: 0
  - enemyType: 12
    enemySpawnTime: 0
    enemyMustache: 0
    enemyHP: 
    enemyDamage: 0
    enemyLane: 3
    enemyMoveSpeed: 8
    explosionDamage: 0
    itemValue: 2
    itemTimeVariation: 0
    Hp: 20
    randomPool: lurd
    itemRandomPool: a
    id: 25
    AbsoluteTime: 92.3
    flagAlarm: 0
  - enemyType: 8
    enemySpawnTime: 7.6
    enemyMustache: 0
    enemyHP: 
    enemyDamage: 0
    enemyLane: 1
    enemyMoveSpeed: 8
    explosionDamage: 0
    itemValue: 2
    itemTimeVariation: 0
    Hp: 11
    randomPool: lurd
    itemRandomPool: a
    id: 26
    AbsoluteTime: 99.9
    flagAlarm: 0
  - enemyType: 8
    enemySpawnTime: 0
    enemyMustache: 0
    enemyHP: 
    enemyDamage: 0
    enemyLane: 2
    enemyMoveSpeed: 8
    explosionDamage: 0
    itemValue: 2
    itemTimeVariation: 0
    Hp: 11
    randomPool: lurd
    itemRandomPool: a
    id: 27
    AbsoluteTime: 99.9
    flagAlarm: 0
  - enemyType: 40
    enemySpawnTime: 4.5
    enemyMustache: 0
    enemyHP: 
    enemyDamage: 0
    enemyLane: 2
    enemyMoveSpeed: 8
    explosionDamage: 0
    itemValue: 2
    itemTimeVariation: 0
    Hp: 16
    randomPool: lurd
    itemRandomPool: a
    id: 28
    AbsoluteTime: 104.4
    flagAlarm: 0
  - enemyType: 4
    enemySpawnTime: 5.5
    enemyMustache: 0
    enemyHP: 
    enemyDamage: 0
    enemyLane: 0
    enemyMoveSpeed: 8
    explosionDamage: 0
    itemValue: 2
    itemTimeVariation: 0
    Hp: 22
    randomPool: lurd
    itemRandomPool: a
    id: 29
    AbsoluteTime: 109.9
    flagAlarm: 0
  - enemyType: 4
    enemySpawnTime: 1.9
    enemyMustache: 0
    enemyHP: 
    enemyDamage: 0
    enemyLane: 1
    enemyMoveSpeed: 8
    explosionDamage: 0
    itemValue: 2
    itemTimeVariation: 0
    Hp: 22
    randomPool: lurd
    itemRandomPool: a
    id: 30
    AbsoluteTime: 111.8
    flagAlarm: 0
  - enemyType: 4
    enemySpawnTime: 1.9
    enemyMustache: 0
    enemyHP: 
    enemyDamage: 0
    enemyLane: 2
    enemyMoveSpeed: 8
    explosionDamage: 0
    itemValue: 2
    itemTimeVariation: 0
    Hp: 22
    randomPool: lurd
    itemRandomPool: a
    id: 31
    AbsoluteTime: 113.7
    flagAlarm: 0
  - enemyType: 4
    enemySpawnTime: 1.9
    enemyMustache: 0
    enemyHP: 
    enemyDamage: 0
    enemyLane: 3
    enemyMoveSpeed: 8
    explosionDamage: 0
    itemValue: 2
    itemTimeVariation: 0
    Hp: 22
    randomPool: lurd
    itemRandomPool: a
    id: 32
    AbsoluteTime: 115.6
    flagAlarm: 0
  - enemyType: 4
    enemySpawnTime: 1.9
    enemyMustache: 0
    enemyHP: 
    enemyDamage: 0
    enemyLane: 2
    enemyMoveSpeed: 8
    explosionDamage: 0
    itemValue: 2
    itemTimeVariation: 0
    Hp: 22
    randomPool: lurd
    itemRandomPool: a
    id: 33
    AbsoluteTime: 117.5
    flagAlarm: 0
  - enemyType: 4
    enemySpawnTime: 1.9
    enemyMustache: 0
    enemyHP: 
    enemyDamage: 0
    enemyLane: 1
    enemyMoveSpeed: 8
    explosionDamage: 0
    itemValue: 2
    itemTimeVariation: 0
    Hp: 22
    randomPool: lurd
    itemRandomPool: a
    id: 34
    AbsoluteTime: 119.4
    flagAlarm: 0
  - enemyType: 8
    enemySpawnTime: 2.1
    enemyMustache: 0
    enemyHP: 
    enemyDamage: 0
    enemyLane: 0
    enemyMoveSpeed: 8
    explosionDamage: 0
    itemValue: 2
    itemTimeVariation: 0
    Hp: 11
    randomPool: lurd
    itemRandomPool: a
    id: 35
    AbsoluteTime: 121.5
    flagAlarm: 0
  - enemyType: 12
    enemySpawnTime: 6
    enemyMustache: 0
    enemyHP: 
    enemyDamage: 0
    enemyLane: 2
    enemyMoveSpeed: 8
    explosionDamage: 0
    itemValue: 2
    itemTimeVariation: 0
    Hp: 20
    randomPool: lurd
    itemRandomPool: a
    id: 36
    AbsoluteTime: 127.5
    flagAlarm: 0
  - enemyType: 12
    enemySpawnTime: 0
    enemyMustache: 0
    enemyHP: 
    enemyDamage: 0
    enemyLane: 1
    enemyMoveSpeed: 8
    explosionDamage: 0
    itemValue: 2
    itemTimeVariation: 0
    Hp: 20
    randomPool: lurd
    itemRandomPool: a
    id: 37
    AbsoluteTime: 127.5
    flagAlarm: 0
  - enemyType: 43
    enemySpawnTime: 8
    enemyMustache: 0
    enemyHP: 
    enemyDamage: 0
    enemyLane: 1
    enemyMoveSpeed: 8
    explosionDamage: 0
    itemValue: 2
    itemTimeVariation: 0
    Hp: 15
    randomPool: lurd
    itemRandomPool: a
    id: 38
    AbsoluteTime: 135.5
    flagAlarm: 0
  - enemyType: 2
    enemySpawnTime: 6
    enemyMustache: 0
    enemyHP: lurddd
    enemyDamage: 0
    enemyLane: 1
    enemyMoveSpeed: 8
    explosionDamage: 0
    itemValue: 2
    itemTimeVariation: 0
    Hp: 16
    randomPool: lurd
    itemRandomPool: a
    id: 39
    AbsoluteTime: 141.5
    flagAlarm: 0
  - enemyType: 2
    enemySpawnTime: 1
    enemyMustache: 0
    enemyHP: lurddd
    enemyDamage: 0
    enemyLane: 2
    enemyMoveSpeed: 8
    explosionDamage: 0
    itemValue: 2
    itemTimeVariation: 0
    Hp: 16
    randomPool: lurd
    itemRandomPool: a
    id: 40
    AbsoluteTime: 142.5
    flagAlarm: 0
  - enemyType: 4
    enemySpawnTime: 4.2
    enemyMustache: 0
    enemyHP: ddlrdudu
    enemyDamage: 0
    enemyLane: 1
    enemyMoveSpeed: 8
    explosionDamage: 0
    itemValue: 2
    itemTimeVariation: 0
    Hp: 22
    randomPool: lurd
    itemRandomPool: a
    id: 41
    AbsoluteTime: 146.7
    flagAlarm: 0
  - enemyType: 4
    enemySpawnTime: 0.7
    enemyMustache: 0
    enemyHP: ddlrdudu
    enemyDamage: 0
    enemyLane: 2
    enemyMoveSpeed: 8
    explosionDamage: 0
    itemValue: 2
    itemTimeVariation: 0
    Hp: 22
    randomPool: lurd
    itemRandomPool: a
    id: 42
    AbsoluteTime: 147.4
    flagAlarm: 0
  - enemyType: 0
    enemySpawnTime: 4.8
    enemyMustache: 0
    enemyHP: uulrdudrrr
    enemyDamage: 0
    enemyLane: 1
    enemyMoveSpeed: 8
    explosionDamage: 0
    itemValue: 2
    itemTimeVariation: 0
    Hp: 30
    randomPool: lurd
    itemRandomPool: a
    id: 43
    AbsoluteTime: 152.2
    flagAlarm: 0
  - enemyType: 0
    enemySpawnTime: 0.7
    enemyMustache: 0
    enemyHP: uulrdudrrr
    enemyDamage: 0
    enemyLane: 2
    enemyMoveSpeed: 8
    explosionDamage: 0
    itemValue: 2
    itemTimeVariation: 0
    Hp: 30
    randomPool: lurd
    itemRandomPool: a
    id: 44
    AbsoluteTime: 152.9
    flagAlarm: 0
  - enemyType: 12
    enemySpawnTime: 6.2
    enemyMustache: 0
    enemyHP: luldrrud
    enemyDamage: 0
    enemyLane: 1
    enemyMoveSpeed: 8
    explosionDamage: 0
    itemValue: 2
    itemTimeVariation: 0
    Hp: 20
    randomPool: lurd
    itemRandomPool: a
    id: 45
    AbsoluteTime: 159.1
    flagAlarm: 0
  - enemyType: 12
    enemySpawnTime: 1.7
    enemyMustache: 0
    enemyHP: luldrrud
    enemyDamage: 0
    enemyLane: 2
    enemyMoveSpeed: 8
    explosionDamage: 0
    itemValue: 2
    itemTimeVariation: 0
    Hp: 20
    randomPool: lurd
    itemRandomPool: a
    id: 46
    AbsoluteTime: 160.8
    flagAlarm: 0
  - enemyType: 4
    enemySpawnTime: 11
    enemyMustache: 0
    enemyHP: 
    enemyDamage: 0
    enemyLane: 0
    enemyMoveSpeed: 8
    explosionDamage: 0
    itemValue: 2
    itemTimeVariation: 0
    Hp: 22
    randomPool: lurd
    itemRandomPool: a
    id: 47
    AbsoluteTime: 171.8
    flagAlarm: 0
  - enemyType: 8
    enemySpawnTime: 0
    enemyMustache: 0
    enemyHP: 
    enemyDamage: 0
    enemyLane: 3
    enemyMoveSpeed: 8
    explosionDamage: 0
    itemValue: 2
    itemTimeVariation: 0
    Hp: 11
    randomPool: lurd
    itemRandomPool: a
    id: 48
    AbsoluteTime: 171.8
    flagAlarm: 0
  - enemyType: 0
    enemySpawnTime: 4
    enemyMustache: 0
    enemyHP: 
    enemyDamage: 0
    enemyLane: 1
    enemyMoveSpeed: 8
    explosionDamage: 0
    itemValue: 2
    itemTimeVariation: 0
    Hp: 30
    randomPool: lurd
    itemRandomPool: a
    id: 49
    AbsoluteTime: 175.8
    flagAlarm: 0
  - enemyType: 12
    enemySpawnTime: 0
    enemyMustache: 0
    enemyHP: 
    enemyDamage: 0
    enemyLane: 2
    enemyMoveSpeed: 8
    explosionDamage: 0
    itemValue: 2
    itemTimeVariation: 0
    Hp: 20
    randomPool: lurd
    itemRandomPool: a
    id: 50
    AbsoluteTime: 175.8
    flagAlarm: 0
  - enemyType: 0
    enemySpawnTime: 8
    enemyMustache: 0
    enemyHP: 
    enemyDamage: 0
    enemyLane: 3
    enemyMoveSpeed: 8
    explosionDamage: 0
    itemValue: 2
    itemTimeVariation: 0
    Hp: 30
    randomPool: lurd
    itemRandomPool: a
    id: 51
    AbsoluteTime: 183.8
    flagAlarm: 0
  - enemyType: 10
    enemySpawnTime: 5.5
    enemyMustache: 0
    enemyHP: 
    enemyDamage: 0
    enemyLane: 0
    enemyMoveSpeed: 8
    explosionDamage: 0
    itemValue: 2
    itemTimeVariation: 0
    Hp: 11
    randomPool: lurd
    itemRandomPool: a
    id: 52
    AbsoluteTime: 189.3
    flagAlarm: 0
  - enemyType: 8
    enemySpawnTime: 1.2
    enemyMustache: 0
    enemyHP: 2
    enemyDamage: 0
    enemyLane: 1
    enemyMoveSpeed: 8
    explosionDamage: 0
    itemValue: 2
    itemTimeVariation: 0
    Hp: 11
    randomPool: lurd
    itemRandomPool: a
    id: 53
    AbsoluteTime: 190.5
    flagAlarm: 0
  - enemyType: 8
    enemySpawnTime: 1
    enemyMustache: 0
    enemyHP: 2
    enemyDamage: 0
    enemyLane: 3
    enemyMoveSpeed: 8
    explosionDamage: 0
    itemValue: 2
    itemTimeVariation: 0
    Hp: 11
    randomPool: lurd
    itemRandomPool: a
    id: 54
    AbsoluteTime: 191.5
    flagAlarm: 0
  - enemyType: 12
    enemySpawnTime: 9
    enemyMustache: 0
    enemyHP: '*2'
    enemyDamage: 0
    enemyLane: 0
    enemyMoveSpeed: 8
    explosionDamage: 0
    itemValue: 2
    itemTimeVariation: 0
    Hp: 20
    randomPool: lurd
    itemRandomPool: a
    id: 55
    AbsoluteTime: 200.5
    flagAlarm: 1
  - enemyType: 4
    enemySpawnTime: 0
    enemyMustache: 0
    enemyHP: 
    enemyDamage: 0
    enemyLane: 2
    enemyMoveSpeed: 8
    explosionDamage: 0
    itemValue: 2
    itemTimeVariation: 0
    Hp: 22
    randomPool: lurd
    itemRandomPool: a
    id: 56
    AbsoluteTime: 200.5
    flagAlarm: 0
  - enemyType: 2
    enemySpawnTime: 2
    enemyMustache: 0
    enemyHP: 
    enemyDamage: 0
    enemyLane: 1
    enemyMoveSpeed: 8
    explosionDamage: 0
    itemValue: 2
    itemTimeVariation: 0
    Hp: 16
    randomPool: lurd
    itemRandomPool: a
    id: 57
    AbsoluteTime: 202.5
    flagAlarm: 0
  - enemyType: 8
    enemySpawnTime: 2
    enemyMustache: 0
    enemyHP: 
    enemyDamage: 0
    enemyLane: 3
    enemyMoveSpeed: 8
    explosionDamage: 0
    itemValue: 2
    itemTimeVariation: 0
    Hp: 11
    randomPool: lurd
    itemRandomPool: a
    id: 58
    AbsoluteTime: 204.5
    flagAlarm: 0
  - enemyType: 4
    enemySpawnTime: 1.7
    enemyMustache: 0
    enemyHP: '**8*2'
    enemyDamage: 0
    enemyLane: 2
    enemyMoveSpeed: 8
    explosionDamage: 0
    itemValue: 2
    itemTimeVariation: 0
    Hp: 22
    randomPool: lurd
    itemRandomPool: a
    id: 59
    AbsoluteTime: 206.2
    flagAlarm: 0
  - enemyType: 2
    enemySpawnTime: 0
    enemyMustache: 0
    enemyHP: 
    enemyDamage: 0
    enemyLane: 1
    enemyMoveSpeed: 8
    explosionDamage: 0
    itemValue: 2
    itemTimeVariation: 0
    Hp: 16
    randomPool: lurd
    itemRandomPool: a
    id: 60
    AbsoluteTime: 206.2
    flagAlarm: 0
  - enemyType: 2
    enemySpawnTime: 1.8
    enemyMustache: 0
    enemyHP: 
    enemyDamage: 0
    enemyLane: 3
    enemyMoveSpeed: 8
    explosionDamage: 0
    itemValue: 2
    itemTimeVariation: 0
    Hp: 16
    randomPool: lurd
    itemRandomPool: a
    id: 61
    AbsoluteTime: 208
    flagAlarm: 0
  - enemyType: 0
    enemySpawnTime: 1.8
    enemyMustache: 0
    enemyHP: 
    enemyDamage: 0
    enemyLane: 0
    enemyMoveSpeed: 8
    explosionDamage: 0
    itemValue: 2
    itemTimeVariation: 0
    Hp: 30
    randomPool: lurd
    itemRandomPool: a
    id: 62
    AbsoluteTime: 209.8
    flagAlarm: 0
  - enemyType: 12
    enemySpawnTime: 0
    enemyMustache: 0
    enemyHP: 
    enemyDamage: 0
    enemyLane: 3
    enemyMoveSpeed: 8
    explosionDamage: 0
    itemValue: 2
    itemTimeVariation: 0
    Hp: 20
    randomPool: lurd
    itemRandomPool: a
    id: 63
    AbsoluteTime: 209.8
    flagAlarm: 0
  - enemyType: 2
    enemySpawnTime: 1
    enemyMustache: 0
    enemyHP: 8
    enemyDamage: 0
    enemyLane: 1
    enemyMoveSpeed: 8
    explosionDamage: 0
    itemValue: 2
    itemTimeVariation: 0
    Hp: 16
    randomPool: lurd
    itemRandomPool: a
    id: 64
    AbsoluteTime: 210.8
    flagAlarm: 0
  - enemyType: 0
    enemySpawnTime: 1
    enemyMustache: 0
    enemyHP: 
    enemyDamage: 0
    enemyLane: 2
    enemyMoveSpeed: 8
    explosionDamage: 0
    itemValue: 2
    itemTimeVariation: 0
    Hp: 30
    randomPool: lurd
    itemRandomPool: a
    id: 65
    AbsoluteTime: 211.8
    flagAlarm: 0
  - enemyType: 0
    enemySpawnTime: 2.7
    enemyMustache: 0
    enemyHP: 
    enemyDamage: 0
    enemyLane: 1
    enemyMoveSpeed: 8
    explosionDamage: 0
    itemValue: 2
    itemTimeVariation: 0
    Hp: 30
    randomPool: lurd
    itemRandomPool: a
    id: 66
    AbsoluteTime: 214.5
    flagAlarm: 0
--- !u!1001 &100100000
Prefab:
  m_ObjectHideFlags: 1
  serializedVersion: 2
  m_Modification:
    m_TransformParent: {fileID: 0}
    m_Modifications: []
    m_RemovedComponents: []
  m_ParentPrefab: {fileID: 0}
  m_RootGameObject: {fileID: 163012}
  m_IsPrefabParent: 1
