%YAML 1.1
%TAG !u! tag:unity3d.com,2011:
--- !u!1 &139488
GameObject:
  m_ObjectHideFlags: 0
  m_PrefabParentObject: {fileID: 0}
  m_PrefabInternal: {fileID: 100100000}
  serializedVersion: 5
  m_Component:
  - component: {fileID: 485120}
  - component: {fileID: 11485164}
  - component: {fileID: 11460102}
  m_Layer: 0
  m_Name: Level 1-9 LD
  m_TagString: Untagged
  m_Icon: {fileID: 0}
  m_NavMeshLayer: 0
  m_StaticEditorFlags: 0
  m_IsActive: 1
--- !u!4 &485120
Transform:
  m_ObjectHideFlags: 1
  m_PrefabParentObject: {fileID: 0}
  m_PrefabInternal: {fileID: 100100000}
  m_GameObject: {fileID: 139488}
  m_LocalRotation: {x: 0, y: 0, z: 0, w: 1}
  m_LocalPosition: {x: 0, y: 0, z: 0}
  m_LocalScale: {x: 1, y: 1, z: 1}
  m_Children: []
  m_Father: {fileID: 0}
  m_RootOrder: 0
  m_LocalEulerAnglesHint: {x: 0, y: 0, z: 0}
--- !u!114 &11460102
MonoBehaviour:
  m_ObjectHideFlags: 1
  m_PrefabParentObject: {fileID: 0}
  m_PrefabInternal: {fileID: 100100000}
  m_GameObject: {fileID: 139488}
  m_Enabled: 1
  m_EditorHideFlags: 0
  m_Script: {fileID: 11500000, guid: b35770897de0bcb46809566fd974b8e4, type: 3}
  m_Name: 
  m_EditorClassIdentifier: 
--- !u!114 &11485164
MonoBehaviour:
  m_ObjectHideFlags: 1
  m_PrefabParentObject: {fileID: 0}
  m_PrefabInternal: {fileID: 100100000}
  m_GameObject: {fileID: 139488}
  m_Enabled: 1
  m_EditorHideFlags: 0
  m_Script: {fileID: 11500000, guid: 0703be101c1d61e4593e64684f3ecc89, type: 3}
  m_Name: 
  m_EditorClassIdentifier: 
  Wave: 2c000000
  Story: 
  fatSpeed: 10.5
  fatDamage: 1
  fatMustacheDrop: 1
  fatHealth: 9
  thinSpeed: 6.6
  thinDamage: 1
  thinMustacheDrop: 1
  thinHealth: 5
  muscleSpeed: 8.6
  muscleDamage: 2
  muscleMustacheDrop: 2
  muscleHealth: 7
  giantSpeed: 0
  giantDamage: 0
  giantMustacheDrop: 0
  giantHealth: 0
  hfSpeed: 0
  hfDamage: 0
  hfMustacheDrop: 0
  hfHealth: 0
  hfxSpeed: 0
  hfxDamage: 0
  hfxMustacheDrop: 0
  hfxHealth: 0
  barrelSpeed: 0
  barrelDamage: 0
  barrelMustacheDrop: 0
  barrelHealth: 0
  barrelxSpeed: 0
  barrelxDamage: 0
  barrelxMustacheDrop: 0
  barrelxHealth: 0
  barrelqSpeed: 0
  barrelqDamage: 0
  barrelqMustacheDrop: 0
  barrelqHealth: 0
  hfStickyHealth: 0
  hfxExplosionDamage: 6
  barrelVulnerableTime: 0
  barrelXExplosionDamage: 6
  barrelXVulnerableTime: 0
  barrelQExplosionDamage: 0
  barrelQVulnerableTime: 0
  barrelQHedgehogDamage: 0
  Mustache: f4010000
  RandomChest: 
  Items: 73000000
  FixedChest: []
  missesThresholdPercent: 94
  enemyList:
  - enemyType: 2
    enemySpawnTime: 2
    enemyMustache: 0
    enemyHP: dlurd
    enemyDamage: 0
    enemyLane: 2
    enemyMoveSpeed: 0
    explosionDamage: 0
    itemValue: 0
    itemTimeVariation: 0
    Hp: 5
    randomPool: lurd
    itemRandomPool: a
    id: 0
    AbsoluteTime: 2
    flagAlarm: 0
  - enemyType: 4
    enemySpawnTime: 3.5
    enemyMustache: 0
    enemyHP: lurdlur
    enemyDamage: 0
    enemyLane: 1
    enemyMoveSpeed: 0
    explosionDamage: 0
    itemValue: 0
    itemTimeVariation: 0
    Hp: 7
    randomPool: lurd
    itemRandomPool: a
    id: 1
    AbsoluteTime: 5.5
    flagAlarm: 0
  - enemyType: 4
    enemySpawnTime: 3.4
    enemyMustache: 0
    enemyHP: dlurdlu
    enemyDamage: 0
    enemyLane: 2
    enemyMoveSpeed: 0
    explosionDamage: 0
    itemValue: 0
    itemTimeVariation: 0
    Hp: 7
    randomPool: lurd
    itemRandomPool: a
    id: 2
    AbsoluteTime: 8.9
    flagAlarm: 0
  - enemyType: 4
    enemySpawnTime: 3.4
    enemyMustache: 0
    enemyHP: rdlurdl
    enemyDamage: 0
    enemyLane: 1
    enemyMoveSpeed: 0
    explosionDamage: 0
    itemValue: 0
    itemTimeVariation: 0
    Hp: 7
    randomPool: lurd
    itemRandomPool: a
    id: 3
    AbsoluteTime: 12.3
    flagAlarm: 0
  - enemyType: 1
    enemySpawnTime: 3.5
    enemyMustache: 0
    enemyHP: urdlu
    enemyDamage: 0
    enemyLane: 2
    enemyMoveSpeed: 0
    explosionDamage: 0
    itemValue: 0
    itemTimeVariation: 0
    Hp: 5
    randomPool: lurd
    itemRandomPool: a
    id: 4
    AbsoluteTime: 15.8
    flagAlarm: 0
  - enemyType: 2
    enemySpawnTime: 2.8
    enemyMustache: 0
    enemyHP: rdlur
    enemyDamage: 0
    enemyLane: 0
    enemyMoveSpeed: 0
    explosionDamage: 0
    itemValue: 0
    itemTimeVariation: 0
    Hp: 5
    randomPool: lurd
    itemRandomPool: a
    id: 5
    AbsoluteTime: 18.6
    flagAlarm: 0
  - enemyType: 2
    enemySpawnTime: 2.5
    enemyMustache: 0
    enemyHP: dlurd
    enemyDamage: 0
    enemyLane: 3
    enemyMoveSpeed: 0
    explosionDamage: 0
    itemValue: 0
    itemTimeVariation: 0
    Hp: 5
    randomPool: lurd
    itemRandomPool: a
    id: 6
    AbsoluteTime: 21.1
    flagAlarm: 0
  - enemyType: 41
    enemySpawnTime: 2.5
    enemyMustache: 0
    enemyHP: lurdlu
    enemyDamage: 0
    enemyLane: 3
    enemyMoveSpeed: 6
    explosionDamage: 0
    itemValue: 1
    itemTimeVariation: 0
    Hp: 6
    randomPool: lurd
    itemRandomPool: a
    id: 7
    AbsoluteTime: 23.6
    flagAlarm: 0
  - enemyType: 1
    enemySpawnTime: 3.3
    enemyMustache: 0
    enemyHP: '*28'
    enemyDamage: 0
    enemyLane: 3
    enemyMoveSpeed: 6
    explosionDamage: 0
    itemValue: 1
    itemTimeVariation: 0
    Hp: 5
    randomPool: lurd
    itemRandomPool: a
    id: 8
    AbsoluteTime: 26.9
    flagAlarm: 0
  - enemyType: 0
    enemySpawnTime: 4.1
    enemyMustache: 0
    enemyHP: drlrdrlr
    enemyDamage: 0
    enemyLane: 2
    enemyMoveSpeed: 6
    explosionDamage: 0
    itemValue: 1
    itemTimeVariation: 0
    Hp: 9
    randomPool: lurd
    itemRandomPool: a
    id: 9
    AbsoluteTime: 31
    flagAlarm: 0
  - enemyType: 2
    enemySpawnTime: 1.5
    enemyMustache: 0
    enemyHP: llrr
    enemyDamage: 0
    enemyLane: 1
    enemyMoveSpeed: 6
    explosionDamage: 0
    itemValue: 1
    itemTimeVariation: 0
    Hp: 5
    randomPool: lurd
    itemRandomPool: a
    id: 10
    AbsoluteTime: 32.5
    flagAlarm: 0
  - enemyType: 2
    enemySpawnTime: 1.1
    enemyMustache: 0
    enemyHP: uuuu
    enemyDamage: 0
    enemyLane: 0
    enemyMoveSpeed: 6
    explosionDamage: 0
    itemValue: 1
    itemTimeVariation: 0
    Hp: 5
    randomPool: lurd
    itemRandomPool: a
    id: 11
    AbsoluteTime: 33.6
    flagAlarm: 0
  - enemyType: 40
    enemySpawnTime: 4.5
    enemyMustache: 0
    enemyHP: l2
    enemyDamage: 0
    enemyLane: 1
    enemyMoveSpeed: 8
    explosionDamage: 0
    itemValue: 1
    itemTimeVariation: 0
    Hp: 5
    randomPool: lurd
    itemRandomPool: a
    id: 12
    AbsoluteTime: 38.1
    flagAlarm: 0
  - enemyType: 2
    enemySpawnTime: 5
    enemyMustache: 0
    enemyHP: ddud
    enemyDamage: 0
    enemyLane: 0
    enemyMoveSpeed: 6
    explosionDamage: 0
    itemValue: 1
    itemTimeVariation: 0
    Hp: 5
    randomPool: lurd
    itemRandomPool: a
    id: 13
    AbsoluteTime: 43.1
    flagAlarm: 0
  - enemyType: 2
    enemySpawnTime: 0
    enemyMustache: 0
    enemyHP: l**d
    enemyDamage: 0
    enemyLane: 1
    enemyMoveSpeed: 6
    explosionDamage: 0
    itemValue: 1
    itemTimeVariation: 0
    Hp: 5
    randomPool: lurd
    itemRandomPool: a
    id: 14
    AbsoluteTime: 43.1
    flagAlarm: 0
  - enemyType: 2
    enemySpawnTime: 3.8
    enemyMustache: 0
    enemyHP: 2
    enemyDamage: 0
    enemyLane: 2
    enemyMoveSpeed: 6
    explosionDamage: 0
    itemValue: 1
    itemTimeVariation: 0
    Hp: 5
    randomPool: lurd
    itemRandomPool: a
    id: 15
    AbsoluteTime: 46.9
    flagAlarm: 0
  - enemyType: 1
    enemySpawnTime: 0
    enemyMustache: 0
    enemyHP: 
    enemyDamage: 0
    enemyLane: 3
    enemyMoveSpeed: 6
    explosionDamage: 0
    itemValue: 1
    itemTimeVariation: 0
    Hp: 5
    randomPool: lurd
    itemRandomPool: a
    id: 16
    AbsoluteTime: 46.9
    flagAlarm: 0
  - enemyType: 2
    enemySpawnTime: 4.2
    enemyMustache: 0
    enemyHP: 
    enemyDamage: 0
    enemyLane: 0
    enemyMoveSpeed: 6
    explosionDamage: 0
    itemValue: 1
    itemTimeVariation: 0
    Hp: 5
    randomPool: lurd
    itemRandomPool: a
    id: 17
    AbsoluteTime: 51.1
    flagAlarm: 0
  - enemyType: 2
    enemySpawnTime: 0
    enemyMustache: 0
    enemyHP: 
    enemyDamage: 0
    enemyLane: 1
    enemyMoveSpeed: 6
    explosionDamage: 0
    itemValue: 1
    itemTimeVariation: 0
    Hp: 5
    randomPool: lurd
    itemRandomPool: a
    id: 18
    AbsoluteTime: 51.1
    flagAlarm: 0
  - enemyType: 1
    enemySpawnTime: 7
    enemyMustache: 0
    enemyHP: 2
    enemyDamage: 0
    enemyLane: 3
    enemyMoveSpeed: 6
    explosionDamage: 0
    itemValue: 1
    itemTimeVariation: 0
    Hp: 5
    randomPool: lurd
    itemRandomPool: a
    id: 19
    AbsoluteTime: 58.1
    flagAlarm: 0
  - enemyType: 4
    enemySpawnTime: 2.6
    enemyMustache: 0
    enemyHP: 8
    enemyDamage: 0
    enemyLane: 2
    enemyMoveSpeed: 6
    explosionDamage: 0
    itemValue: 1
    itemTimeVariation: 0
    Hp: 7
    randomPool: lurd
    itemRandomPool: a
    id: 20
    AbsoluteTime: 60.7
    flagAlarm: 0
  - enemyType: 4
    enemySpawnTime: 3
    enemyMustache: 0
    enemyHP: '*22'
    enemyDamage: 0
    enemyLane: 1
    enemyMoveSpeed: 6
    explosionDamage: 0
    itemValue: 1
    itemTimeVariation: 0
    Hp: 7
    randomPool: lurd
    itemRandomPool: a
    id: 21
    AbsoluteTime: 63.7
    flagAlarm: 0
  - enemyType: 41
    enemySpawnTime: 0
    enemyMustache: 0
    enemyHP: uuldu
    enemyDamage: 0
    enemyLane: 1
    enemyMoveSpeed: 8
    explosionDamage: 0
    itemValue: 1
    itemTimeVariation: 0
    Hp: 5
    randomPool: lurd
    itemRandomPool: a
    id: 22
    AbsoluteTime: 63.7
    flagAlarm: 0
  - enemyType: 4
    enemySpawnTime: 3.5
    enemyMustache: 0
    enemyHP: rrr*lr
    enemyDamage: 0
    enemyLane: 0
    enemyMoveSpeed: 6
    explosionDamage: 0
    itemValue: 1
    itemTimeVariation: 0
    Hp: 7
    randomPool: lurd
    itemRandomPool: a
    id: 23
    AbsoluteTime: 67.2
    flagAlarm: 0
  - enemyType: 4
    enemySpawnTime: 0
    enemyMustache: 0
    enemyHP: 22
    enemyDamage: 0
    enemyLane: 3
    enemyMoveSpeed: 6
    explosionDamage: 0
    itemValue: 1
    itemTimeVariation: 0
    Hp: 7
    randomPool: lurd
    itemRandomPool: a
    id: 24
    AbsoluteTime: 67.2
    flagAlarm: 0
  - enemyType: 0
    enemySpawnTime: 5.2
    enemyMustache: 0
    enemyHP: 
    enemyDamage: 0
    enemyLane: 1
    enemyMoveSpeed: 6
    explosionDamage: 0
    itemValue: 1
    itemTimeVariation: 0
    Hp: 9
    randomPool: lurd
    itemRandomPool: a
    id: 25
    AbsoluteTime: 72.39999
    flagAlarm: 0
  - enemyType: 1
    enemySpawnTime: 0
    enemyMustache: 0
    enemyHP: 
    enemyDamage: 0
    enemyLane: 2
    enemyMoveSpeed: 6
    explosionDamage: 0
    itemValue: 1
    itemTimeVariation: 0
    Hp: 5
    randomPool: lurd
    itemRandomPool: a
    id: 26
    AbsoluteTime: 72.39999
    flagAlarm: 0
  - enemyType: 4
    enemySpawnTime: 4.9
    enemyMustache: 0
    enemyHP: 
    enemyDamage: 0
    enemyLane: 3
    enemyMoveSpeed: 6
    explosionDamage: 0
    itemValue: 1
    itemTimeVariation: 0
    Hp: 7
    randomPool: lurd
    itemRandomPool: a
    id: 27
    AbsoluteTime: 77.3
    flagAlarm: 0
  - enemyType: 4
    enemySpawnTime: 0
    enemyMustache: 0
    enemyHP: '*8*2*8'
    enemyDamage: 0
    enemyLane: 0
    enemyMoveSpeed: 6
    explosionDamage: 0
    itemValue: 1
    itemTimeVariation: 0
    Hp: 7
    randomPool: lurd
    itemRandomPool: a
    id: 28
    AbsoluteTime: 77.3
    flagAlarm: 0
  - enemyType: 1
    enemySpawnTime: 4.5
    enemyMustache: 0
    enemyHP: 
    enemyDamage: 0
    enemyLane: 2
    enemyMoveSpeed: 6
    explosionDamage: 0
    itemValue: 1
    itemTimeVariation: 0
    Hp: 5
    randomPool: lurd
    itemRandomPool: a
    id: 29
    AbsoluteTime: 81.8
    flagAlarm: 0
  - enemyType: 0
    enemySpawnTime: 0
    enemyMustache: 0
    enemyHP: 
    enemyDamage: 0
    enemyLane: 1
    enemyMoveSpeed: 6
    explosionDamage: 0
    itemValue: 1
    itemTimeVariation: 0
    Hp: 9
    randomPool: lurd
    itemRandomPool: a
    id: 30
    AbsoluteTime: 81.8
    flagAlarm: 0
  - enemyType: 40
    enemySpawnTime: 6
    enemyMustache: 0
    enemyHP: 
    enemyDamage: 0
    enemyLane: 0
    enemyMoveSpeed: 7
    explosionDamage: 0
    itemValue: 1
    itemTimeVariation: 0
    Hp: 5
    randomPool: lurd
    itemRandomPool: a
    id: 31
    AbsoluteTime: 87.8
    flagAlarm: 0
  - enemyType: 2
    enemySpawnTime: 5
    enemyMustache: 0
    enemyHP: udrur
    enemyDamage: 0
    enemyLane: 0
    enemyMoveSpeed: 6
    explosionDamage: 0
    itemValue: 1
    itemTimeVariation: 0
    Hp: 5
    randomPool: lurd
    itemRandomPool: a
    id: 32
    AbsoluteTime: 92.8
    flagAlarm: 0
  - enemyType: 2
    enemySpawnTime: 0
    enemyMustache: 0
    enemyHP: udrur
    enemyDamage: 0
    enemyLane: 3
    enemyMoveSpeed: 6
    explosionDamage: 0
    itemValue: 1
    itemTimeVariation: 0
    Hp: 5
    randomPool: lurd
    itemRandomPool: a
    id: 33
    AbsoluteTime: 92.8
    flagAlarm: 0
  - enemyType: 1
    enemySpawnTime: 3.8
    enemyMustache: 0
    enemyHP: drdru
    enemyDamage: 0
    enemyLane: 1
    enemyMoveSpeed: 6
    explosionDamage: 0
    itemValue: 1
    itemTimeVariation: 0
    Hp: 5
    randomPool: lurd
    itemRandomPool: a
    id: 34
    AbsoluteTime: 96.6
    flagAlarm: 0
  - enemyType: 0
    enemySpawnTime: 0
    enemyMustache: 0
    enemyHP: '****drdru'
    enemyDamage: 0
    enemyLane: 2
    enemyMoveSpeed: 6
    explosionDamage: 0
    itemValue: 1
    itemTimeVariation: 0
    Hp: 9
    randomPool: lurd
    itemRandomPool: a
    id: 35
    AbsoluteTime: 96.6
    flagAlarm: 0
  - enemyType: 2
    enemySpawnTime: 4.3
    enemyMustache: 0
    enemyHP: lrdur
    enemyDamage: 0
    enemyLane: 0
    enemyMoveSpeed: 6
    explosionDamage: 0
    itemValue: 1
    itemTimeVariation: 0
    Hp: 5
    randomPool: lurd
    itemRandomPool: a
    id: 36
    AbsoluteTime: 100.9
    flagAlarm: 0
  - enemyType: 2
    enemySpawnTime: 0
    enemyMustache: 0
    enemyHP: urdur
    enemyDamage: 0
    enemyLane: 3
    enemyMoveSpeed: 6
    explosionDamage: 0
    itemValue: 1
    itemTimeVariation: 0
    Hp: 5
    randomPool: lurd
    itemRandomPool: a
    id: 37
    AbsoluteTime: 100.9
    flagAlarm: 0
  - enemyType: 0
    enemySpawnTime: 4.3
    enemyMustache: 0
    enemyHP: 
    enemyDamage: 0
    enemyLane: 1
    enemyMoveSpeed: 6
    explosionDamage: 0
    itemValue: 1
    itemTimeVariation: 0
    Hp: 9
    randomPool: lurd
    itemRandomPool: a
    id: 38
    AbsoluteTime: 105.2
    flagAlarm: 0
  - enemyType: 1
    enemySpawnTime: 0
    enemyMustache: 0
    enemyHP: 
    enemyDamage: 0
    enemyLane: 2
    enemyMoveSpeed: 6
    explosionDamage: 0
    itemValue: 1
    itemTimeVariation: 0
    Hp: 5
    randomPool: lurd
    itemRandomPool: a
    id: 39
    AbsoluteTime: 105.2
    flagAlarm: 0
  - enemyType: 2
    enemySpawnTime: 4.4
    enemyMustache: 0
    enemyHP: '***8'
    enemyDamage: 0
    enemyLane: 0
    enemyMoveSpeed: 6
    explosionDamage: 0
    itemValue: 1
    itemTimeVariation: 0
    Hp: 5
    randomPool: lurd
    itemRandomPool: a
    id: 40
    AbsoluteTime: 109.6
    flagAlarm: 0
  - enemyType: 2
    enemySpawnTime: 0
    enemyMustache: 0
    enemyHP: 
    enemyDamage: 0
    enemyLane: 3
    enemyMoveSpeed: 6
    explosionDamage: 0
    itemValue: 1
    itemTimeVariation: 0
    Hp: 5
    randomPool: lurd
    itemRandomPool: a
    id: 41
    AbsoluteTime: 109.6
    flagAlarm: 0
  - enemyType: 1
    enemySpawnTime: 4.2
    enemyMustache: 0
    enemyHP: 
    enemyDamage: 0
    enemyLane: 1
    enemyMoveSpeed: 6
    explosionDamage: 0
    itemValue: 1
    itemTimeVariation: 0
    Hp: 5
    randomPool: lurd
    itemRandomPool: a
    id: 42
    AbsoluteTime: 113.8
    flagAlarm: 0
  - enemyType: 1
    enemySpawnTime: 0
    enemyMustache: 0
    enemyHP: 
    enemyDamage: 0
    enemyLane: 2
    enemyMoveSpeed: 6
    explosionDamage: 0
    itemValue: 1
    itemTimeVariation: 0
    Hp: 5
    randomPool: lurd
    itemRandomPool: a
    id: 43
    AbsoluteTime: 113.8
    flagAlarm: 0
  - enemyType: 4
    enemySpawnTime: 12
    enemyMustache: 0
    enemyHP: 
    enemyDamage: 0
    enemyLane: 1
    enemyMoveSpeed: 6
    explosionDamage: 0
    itemValue: 1
    itemTimeVariation: 0
    Hp: 7
    randomPool: lurd
    itemRandomPool: a
    id: 44
    AbsoluteTime: 125.8
    flagAlarm: 1
  - enemyType: 2
    enemySpawnTime: 0.8
    enemyMustache: 0
    enemyHP: 
    enemyDamage: 0
    enemyLane: 2
    enemyMoveSpeed: 6
    explosionDamage: 0
    itemValue: 1
    itemTimeVariation: 0
    Hp: 5
    randomPool: lurd
    itemRandomPool: a
    id: 45
    AbsoluteTime: 126.6
    flagAlarm: 0
  - enemyType: 2
    enemySpawnTime: 0
    enemyMustache: 0
    enemyHP: '**2'
    enemyDamage: 0
    enemyLane: 3
    enemyMoveSpeed: 6
    explosionDamage: 0
    itemValue: 1
    itemTimeVariation: 0
    Hp: 5
    randomPool: lurd
    itemRandomPool: a
    id: 46
    AbsoluteTime: 126.6
    flagAlarm: 0
  - enemyType: 0
    enemySpawnTime: 2
    enemyMustache: 0
    enemyHP: 
    enemyDamage: 0
    enemyLane: 0
    enemyMoveSpeed: 6
    explosionDamage: 0
    itemValue: 1
    itemTimeVariation: 0
    Hp: 9
    randomPool: lurd
    itemRandomPool: a
    id: 47
    AbsoluteTime: 128.6
    flagAlarm: 0
  - enemyType: 4
    enemySpawnTime: 2.6
    enemyMustache: 0
    enemyHP: 
    enemyDamage: 0
    enemyLane: 3
    enemyMoveSpeed: 6
    explosionDamage: 0
    itemValue: 1
    itemTimeVariation: 0
    Hp: 7
    randomPool: lurd
    itemRandomPool: a
    id: 48
    AbsoluteTime: 131.2
    flagAlarm: 0
  - enemyType: 4
    enemySpawnTime: 1.9
    enemyMustache: 0
    enemyHP: '***8**8'
    enemyDamage: 0
    enemyLane: 2
    enemyMoveSpeed: 6
    explosionDamage: 0
    itemValue: 1
    itemTimeVariation: 0
    Hp: 7
    randomPool: lurd
    itemRandomPool: a
    id: 49
    AbsoluteTime: 133.1
    flagAlarm: 0
  - enemyType: 4
    enemySpawnTime: 1.9
    enemyMustache: 0
    enemyHP: 
    enemyDamage: 0
    enemyLane: 1
    enemyMoveSpeed: 6
    explosionDamage: 0
    itemValue: 1
    itemTimeVariation: 0
    Hp: 7
    randomPool: lurd
    itemRandomPool: a
    id: 50
    AbsoluteTime: 135
    flagAlarm: 0
  - enemyType: 1
    enemySpawnTime: 2.5
    enemyMustache: 0
    enemyHP: '*2'
    enemyDamage: 0
    enemyLane: 0
    enemyMoveSpeed: 6
    explosionDamage: 0
    itemValue: 1
    itemTimeVariation: 0
    Hp: 5
    randomPool: lurd
    itemRandomPool: a
    id: 51
    AbsoluteTime: 137.5
    flagAlarm: 0
  - enemyType: 4
    enemySpawnTime: 0
    enemyMustache: 0
    enemyHP: 
    enemyDamage: 0
    enemyLane: 3
    enemyMoveSpeed: 6
    explosionDamage: 0
    itemValue: 1
    itemTimeVariation: 0
    Hp: 7
    randomPool: lurd
    itemRandomPool: a
    id: 52
    AbsoluteTime: 137.5
    flagAlarm: 0
  - enemyType: 1
    enemySpawnTime: 2.8
    enemyMustache: 0
    enemyHP: 2
    enemyDamage: 0
    enemyLane: 2
    enemyMoveSpeed: 6
    explosionDamage: 0
    itemValue: 1
    itemTimeVariation: 0
    Hp: 5
    randomPool: lurd
    itemRandomPool: a
    id: 53
    AbsoluteTime: 140.3
    flagAlarm: 0
  - enemyType: 4
    enemySpawnTime: 0
    enemyMustache: 0
    enemyHP: '**8'
    enemyDamage: 0
    enemyLane: 1
    enemyMoveSpeed: 6
    explosionDamage: 0
    itemValue: 1
    itemTimeVariation: 0
    Hp: 7
    randomPool: lurd
    itemRandomPool: a
    id: 54
    AbsoluteTime: 140.3
    flagAlarm: 0
  - enemyType: 0
    enemySpawnTime: 3.5
    enemyMustache: 0
    enemyHP: ddddlrdd
    enemyDamage: 0
    enemyLane: 3
    enemyMoveSpeed: 6
    explosionDamage: 0
    itemValue: 1
    itemTimeVariation: 0
    Hp: 9
    randomPool: lurd
    itemRandomPool: a
    id: 55
    AbsoluteTime: 143.8
    flagAlarm: 0
--- !u!1001 &100100000
Prefab:
  m_ObjectHideFlags: 1
  serializedVersion: 2
  m_Modification:
    m_TransformParent: {fileID: 0}
    m_Modifications: []
    m_RemovedComponents: []
  m_ParentPrefab: {fileID: 0}
  m_RootGameObject: {fileID: 139488}
  m_IsPrefabParent: 1
