%YAML 1.1
%TAG !u! tag:unity3d.com,2011:
--- !u!1 &145134
GameObject:
  m_ObjectHideFlags: 0
  m_PrefabParentObject: {fileID: 0}
  m_PrefabInternal: {fileID: 100100000}
  serializedVersion: 5
  m_Component:
  - component: {fileID: 498154}
  - component: {fileID: 11404834}
  - component: {fileID: 11438486}
  m_Layer: 0
  m_Name: Level 4-5 LD
  m_TagString: Untagged
  m_Icon: {fileID: 0}
  m_NavMeshLayer: 0
  m_StaticEditorFlags: 4294967295
  m_IsActive: 1
--- !u!4 &498154
Transform:
  m_ObjectHideFlags: 1
  m_PrefabParentObject: {fileID: 0}
  m_PrefabInternal: {fileID: 100100000}
  m_GameObject: {fileID: 145134}
  m_LocalRotation: {x: 0, y: 0, z: 0, w: 1}
  m_LocalPosition: {x: 0, y: 0, z: 0}
  m_LocalScale: {x: 1, y: 1, z: 1}
  m_Children: []
  m_Father: {fileID: 0}
  m_RootOrder: 0
  m_LocalEulerAnglesHint: {x: 0, y: 0, z: 0}
--- !u!114 &11404834
MonoBehaviour:
  m_ObjectHideFlags: 1
  m_PrefabParentObject: {fileID: 0}
  m_PrefabInternal: {fileID: 100100000}
  m_GameObject: {fileID: 145134}
  m_Enabled: 1
  m_EditorHideFlags: 0
  m_Script: {fileID: 11500000, guid: 0703be101c1d61e4593e64684f3ecc89, type: 3}
  m_Name: 
  m_EditorClassIdentifier: 
  Wave: 
  Story: 
  fatSpeed: 10
  fatDamage: 2
  fatMustacheDrop: 1
  fatHealth: 70
  thinSpeed: 6
  thinDamage: 2
  thinMustacheDrop: 1
  thinHealth: 40
  muscleSpeed: 8
  muscleDamage: 4
  muscleMustacheDrop: 2
  muscleHealth: 56
  giantSpeed: 30
  giantDamage: 20
  giantMustacheDrop: 10
  giantHealth: 330
  hfSpeed: 3.8
  hfDamage: 2
  hfMustacheDrop: 1
  hfHealth: 28
  hfxSpeed: 4.1
  hfxDamage: 8
  hfxMustacheDrop: 2
  hfxHealth: 28
  barrelSpeed: 8.1
  barrelDamage: 4
  barrelMustacheDrop: 3
  barrelHealth: 48
  barrelxSpeed: 7.5
  barrelxDamage: 8
  barrelxMustacheDrop: 3
  barrelxHealth: 40
  barrelqSpeed: 8.1
  barrelqDamage: 4
  barrelqMustacheDrop: 3
  barrelqHealth: 40
  hfStickyHealth: 2
  hfxExplosionDamage: 28
  barrelVulnerableTime: 1.5
  barrelXExplosionDamage: 28
  barrelXVulnerableTime: 1.4
  barrelQExplosionDamage: 28
  barrelQVulnerableTime: 1.7
  barrelQHedgehogDamage: 3
  Mustache: 
  RandomChest: 00000000
  Items: 
  FixedChest: []
  missesThresholdPercent: 90
  enemyList:
  - enemyType: 6
    enemySpawnTime: 1.5
    enemyMustache: 0
    enemyHP: 
    enemyDamage: 0
    enemyLane: 0
    enemyMoveSpeed: 0
    explosionDamage: 0
    itemValue: 0
    itemTimeVariation: 0
    Hp: 330
    randomPool: lurdlurd2468
    itemRandomPool: a
    id: 0
    AbsoluteTime: 1.5
    flagAlarm: 0
  - enemyType: 6
    enemySpawnTime: 4.5
    enemyMustache: 0
    enemyHP: 
    enemyDamage: 0
    enemyLane: 3
    enemyMoveSpeed: 0
    explosionDamage: 0
    itemValue: 0
    itemTimeVariation: 0
    Hp: 330
    randomPool: lurdlurd2468
    itemRandomPool: a
    id: 1
    AbsoluteTime: 6
    flagAlarm: 0
  - enemyType: 45
    enemySpawnTime: 4.5
    enemyMustache: 0
    enemyHP: 
    enemyDamage: 0
    enemyLane: 3
    enemyMoveSpeed: 8
    explosionDamage: 0
    itemValue: 3
    itemTimeVariation: 0
    Hp: 35
    randomPool: lurdlurd2468
    itemRandomPool: a
    id: 2
    AbsoluteTime: 10.5
    flagAlarm: 0
  - enemyType: 6
    enemySpawnTime: 4
    enemyMustache: 0
    enemyHP: 
    enemyDamage: 0
    enemyLane: 1
    enemyMoveSpeed: 8
    explosionDamage: 0
    itemValue: 3
    itemTimeVariation: 0
    Hp: 330
    randomPool: lurdlurd2468
    itemRandomPool: a
    id: 3
    AbsoluteTime: 14.5
    flagAlarm: 0
  - enemyType: 45
    enemySpawnTime: 4.5
    enemyMustache: 0
    enemyHP: 
    enemyDamage: 0
    enemyLane: 1
    enemyMoveSpeed: 8
    explosionDamage: 0
    itemValue: 3
    itemTimeVariation: 0
    Hp: 35
    randomPool: lurdlurd2468
    itemRandomPool: a
    id: 4
    AbsoluteTime: 19
    flagAlarm: 0
  - enemyType: 6
    enemySpawnTime: 4
    enemyMustache: 0
    enemyHP: 
    enemyDamage: 0
    enemyLane: 2
    enemyMoveSpeed: 8
    explosionDamage: 0
    itemValue: 3
    itemTimeVariation: 0
    Hp: 330
    randomPool: lurdlurd2468
    itemRandomPool: a
    id: 5
    AbsoluteTime: 23
    flagAlarm: 0
  - enemyType: 45
    enemySpawnTime: 4.5
    enemyMustache: 0
    enemyHP: 
    enemyDamage: 0
    enemyLane: 2
    enemyMoveSpeed: 8
    explosionDamage: 0
    itemValue: 3
    itemTimeVariation: 0
    Hp: 35
    randomPool: lurdlurd2468
    itemRandomPool: a
    id: 6
    AbsoluteTime: 27.5
    flagAlarm: 0
  - enemyType: 6
    enemySpawnTime: 4
    enemyMustache: 0
    enemyHP: 
    enemyDamage: 0
    enemyLane: 0
    enemyMoveSpeed: 8
    explosionDamage: 0
    itemValue: 3
    itemTimeVariation: 0
    Hp: 330
    randomPool: lurdlurd2468
    itemRandomPool: a
    id: 7
    AbsoluteTime: 31.5
    flagAlarm: 0
  - enemyType: 45
    enemySpawnTime: 4.5
    enemyMustache: 0
    enemyHP: 
    enemyDamage: 0
    enemyLane: 1
    enemyMoveSpeed: 8
    explosionDamage: 0
    itemValue: 3
    itemTimeVariation: 0
    Hp: 35
    randomPool: lurdlurd2468
    itemRandomPool: a
    id: 8
    AbsoluteTime: 36
    flagAlarm: 0
  - enemyType: 6
    enemySpawnTime: 4.5
    enemyMustache: 0
    enemyHP: 
    enemyDamage: 0
    enemyLane: 3
    enemyMoveSpeed: 8
    explosionDamage: 0
    itemValue: 3
    itemTimeVariation: 0
    Hp: 330
    randomPool: lurdlurd2468
    itemRandomPool: a
    id: 9
    AbsoluteTime: 40.5
    flagAlarm: 0
  - enemyType: 6
    enemySpawnTime: 0
    enemyMustache: 0
    enemyHP: 
    enemyDamage: 0
    enemyLane: 2
    enemyMoveSpeed: 8
    explosionDamage: 0
    itemValue: 3
    itemTimeVariation: 0
    Hp: 330
    randomPool: lurdlurd2468
    itemRandomPool: a
    id: 10
    AbsoluteTime: 40.5
    flagAlarm: 0
  - enemyType: 6
    enemySpawnTime: 0
    enemyMustache: 0
    enemyHP: 
    enemyDamage: 0
    enemyLane: 1
    enemyMoveSpeed: 8
    explosionDamage: 0
    itemValue: 3
    itemTimeVariation: 0
    Hp: 330
    randomPool: lurdlurd2468
    itemRandomPool: a
    id: 11
    AbsoluteTime: 40.5
    flagAlarm: 0
  - enemyType: 48
    enemySpawnTime: 9
    enemyMustache: 0
    enemyHP: 
    enemyDamage: 0
    enemyLane: 2
    enemyMoveSpeed: 8
    explosionDamage: 0
    itemValue: 3
    itemTimeVariation: 0
    Hp: 35
    randomPool: lurdlurd2468
    itemRandomPool: a
    id: 12
    AbsoluteTime: 49.5
    flagAlarm: 0
  - enemyType: 48
    enemySpawnTime: 0
    enemyMustache: 0
    enemyHP: 
    enemyDamage: 0
    enemyLane: 1
    enemyMoveSpeed: 8
    explosionDamage: 0
    itemValue: 3
    itemTimeVariation: 0
    Hp: 35
    randomPool: lurdlurd2468
    itemRandomPool: a
    id: 13
    AbsoluteTime: 49.5
    flagAlarm: 0
  - enemyType: 45
    enemySpawnTime: 5
    enemyMustache: 0
    enemyHP: 
    enemyDamage: 0
    enemyLane: 0
    enemyMoveSpeed: 8
    explosionDamage: 0
    itemValue: 3
    itemTimeVariation: 0
    Hp: 35
    randomPool: lurdlurd2468
    itemRandomPool: a
    id: 14
    AbsoluteTime: 54.5
    flagAlarm: 0
  - enemyType: 45
    enemySpawnTime: 5
    enemyMustache: 0
    enemyHP: 
    enemyDamage: 0
    enemyLane: 3
    enemyMoveSpeed: 8
    explosionDamage: 0
    itemValue: 3
    itemTimeVariation: 0
    Hp: 35
    randomPool: lurdlurd2468
    itemRandomPool: a
    id: 15
    AbsoluteTime: 59.5
    flagAlarm: 0
  - enemyType: 47
    enemySpawnTime: 10
    enemyMustache: 0
    enemyHP: 
    enemyDamage: 0
    enemyLane: 0
    enemyMoveSpeed: 13
    explosionDamage: 0
    itemValue: 3
    itemTimeVariation: 0
    Hp: 60
    randomPool: lurdlurd2468
    itemRandomPool: a
    id: 16
    AbsoluteTime: 69.5
    flagAlarm: 0
  - enemyType: 6
    enemySpawnTime: 10
    enemyMustache: 0
    enemyHP: 
    enemyDamage: 0
    enemyLane: 1
    enemyMoveSpeed: 8
    explosionDamage: 0
    itemValue: 3
    itemTimeVariation: 0
    Hp: 330
    randomPool: lurdlurd2468
    itemRandomPool: a
    id: 17
    AbsoluteTime: 79.5
    flagAlarm: 0
  - enemyType: 47
    enemySpawnTime: 9
    enemyMustache: 0
    enemyHP: 
    enemyDamage: 0
    enemyLane: 3
    enemyMoveSpeed: 13
    explosionDamage: 0
    itemValue: 3
    itemTimeVariation: 0
    Hp: 60
    randomPool: lurdlurd2468
    itemRandomPool: a
    id: 18
    AbsoluteTime: 88.5
    flagAlarm: 0
  - enemyType: 6
    enemySpawnTime: 10
    enemyMustache: 0
    enemyHP: 
    enemyDamage: 0
    enemyLane: 2
    enemyMoveSpeed: 8
    explosionDamage: 0
    itemValue: 3
    itemTimeVariation: 0
    Hp: 330
    randomPool: lurdlurd2468
    itemRandomPool: a
    id: 19
    AbsoluteTime: 98.5
    flagAlarm: 0
  - enemyType: 47
    enemySpawnTime: 9
    enemyMustache: 0
    enemyHP: 
    enemyDamage: 0
    enemyLane: 0
    enemyMoveSpeed: 13
    explosionDamage: 0
    itemValue: 3
    itemTimeVariation: 0
    Hp: 60
    randomPool: lurdlurd2468
    itemRandomPool: a
    id: 20
    AbsoluteTime: 107.5
    flagAlarm: 0
  - enemyType: 6
    enemySpawnTime: 10
    enemyMustache: 0
    enemyHP: 
    enemyDamage: 0
    enemyLane: 1
    enemyMoveSpeed: 8
    explosionDamage: 0
    itemValue: 3
    itemTimeVariation: 0
    Hp: 330
    randomPool: lurdlurd2468
    itemRandomPool: a
    id: 21
    AbsoluteTime: 117.5
    flagAlarm: 0
  - enemyType: 6
    enemySpawnTime: 10
    enemyMustache: 0
    enemyHP: 
    enemyDamage: 0
    enemyLane: 2
    enemyMoveSpeed: 8
    explosionDamage: 0
    itemValue: 3
    itemTimeVariation: 0
    Hp: 330
    randomPool: lurdlurd2468
    itemRandomPool: a
    id: 22
    AbsoluteTime: 127.5
    flagAlarm: 0
  - enemyType: 6
    enemySpawnTime: 5
    enemyMustache: 0
    enemyHP: 
    enemyDamage: 0
    enemyLane: 1
    enemyMoveSpeed: 8
    explosionDamage: 0
    itemValue: 3
    itemTimeVariation: 0
    Hp: 330
    randomPool: lurdlurd2468
    itemRandomPool: a
    id: 23
    AbsoluteTime: 132.5
    flagAlarm: 0
  - enemyType: 44
    enemySpawnTime: 0
    enemyMustache: 0
    enemyHP: 
    enemyDamage: 0
    enemyLane: 1
    enemyMoveSpeed: 8
    explosionDamage: 0
    itemValue: 3
    itemTimeVariation: 0
    Hp: 35
    randomPool: lurdlurd2468
    itemRandomPool: a
    id: 24
    AbsoluteTime: 132.5
    flagAlarm: 0
  - enemyType: 6
    enemySpawnTime: 15
    enemyMustache: 0
    enemyHP: 
    enemyDamage: 0
    enemyLane: 0
    enemyMoveSpeed: 8
    explosionDamage: 0
    itemValue: 3
    itemTimeVariation: 0
    Hp: 330
    randomPool: lurdlurd2468
    itemRandomPool: a
    id: 25
    AbsoluteTime: 147.5
    flagAlarm: 1
  - enemyType: 3
    enemySpawnTime: 4
    enemyMustache: 0
    enemyHP: 
    enemyDamage: 0
    enemyLane: 3
    enemyMoveSpeed: 8
    explosionDamage: 0
    itemValue: 3
    itemTimeVariation: 0
    Hp: 40
    randomPool: lurdlurd2468
    itemRandomPool: a
    id: 26
    AbsoluteTime: 151.5
    flagAlarm: 0
  - enemyType: 1
    enemySpawnTime: 4
    enemyMustache: 0
    enemyHP: 
    enemyDamage: 0
    enemyLane: 2
    enemyMoveSpeed: 8
    explosionDamage: 0
    itemValue: 3
    itemTimeVariation: 0
    Hp: 70
    randomPool: lurdlurd2468
    itemRandomPool: a
    id: 27
    AbsoluteTime: 155.5
    flagAlarm: 0
  - enemyType: 0
    enemySpawnTime: 4
    enemyMustache: 0
    enemyHP: 
    enemyDamage: 0
    enemyLane: 1
    enemyMoveSpeed: 8
    explosionDamage: 0
    itemValue: 3
    itemTimeVariation: 0
    Hp: 70
    randomPool: lurdlurd2468
    itemRandomPool: a
    id: 28
    AbsoluteTime: 159.5
    flagAlarm: 0
  - enemyType: 6
    enemySpawnTime: 4
    enemyMustache: 0
    enemyHP: 
    enemyDamage: 0
    enemyLane: 2
    enemyMoveSpeed: 8
    explosionDamage: 0
    itemValue: 3
    itemTimeVariation: 0
    Hp: 330
    randomPool: lurdlurd2468
    itemRandomPool: a
    id: 29
    AbsoluteTime: 163.5
    flagAlarm: 0
  - enemyType: 10
    enemySpawnTime: 4
    enemyMustache: 0
    enemyHP: 
    enemyDamage: 0
    enemyLane: 3
    enemyMoveSpeed: 8
    explosionDamage: 0
    itemValue: 3
    itemTimeVariation: 0
    Hp: 28
    randomPool: lurdlurd2468
    itemRandomPool: a
    id: 30
    AbsoluteTime: 167.5
    flagAlarm: 0
  - enemyType: 5
    enemySpawnTime: 4
    enemyMustache: 0
    enemyHP: 
    enemyDamage: 0
    enemyLane: 1
    enemyMoveSpeed: 8
    explosionDamage: 0
    itemValue: 3
    itemTimeVariation: 0
    Hp: 56
    randomPool: lurdlurd2468
    itemRandomPool: a
    id: 31
    AbsoluteTime: 171.5
    flagAlarm: 0
  - enemyType: 1
    enemySpawnTime: 4
    enemyMustache: 0
    enemyHP: 
    enemyDamage: 0
    enemyLane: 3
    enemyMoveSpeed: 8
    explosionDamage: 0
    itemValue: 3
    itemTimeVariation: 0
    Hp: 70
    randomPool: lurdlurd2468
    itemRandomPool: a
    id: 32
    AbsoluteTime: 175.5
    flagAlarm: 0
--- !u!114 &11438486
MonoBehaviour:
  m_ObjectHideFlags: 1
  m_PrefabParentObject: {fileID: 0}
  m_PrefabInternal: {fileID: 100100000}
  m_GameObject: {fileID: 145134}
  m_Enabled: 1
  m_EditorHideFlags: 0
  m_Script: {fileID: 11500000, guid: b35770897de0bcb46809566fd974b8e4, type: 3}
  m_Name: 
  m_EditorClassIdentifier: 
--- !u!1001 &100100000
Prefab:
  m_ObjectHideFlags: 1
  serializedVersion: 2
  m_Modification:
    m_TransformParent: {fileID: 0}
    m_Modifications: []
    m_RemovedComponents: []
  m_ParentPrefab: {fileID: 0}
  m_RootGameObject: {fileID: 145134}
  m_IsPrefabParent: 1
