%YAML 1.1
%TAG !u! tag:unity3d.com,2011:
--- !u!1 &176218
GameObject:
  m_ObjectHideFlags: 0
  m_PrefabParentObject: {fileID: 0}
  m_PrefabInternal: {fileID: 100100000}
  serializedVersion: 5
  m_Component:
  - component: {fileID: 420902}
  - component: {fileID: 11411198}
  - component: {fileID: 11415382}
  m_Layer: 0
  m_Name: Level 3-4 LD
  m_TagString: Untagged
  m_Icon: {fileID: 0}
  m_NavMeshLayer: 0
  m_StaticEditorFlags: 0
  m_IsActive: 1
--- !u!4 &420902
Transform:
  m_ObjectHideFlags: 1
  m_PrefabParentObject: {fileID: 0}
  m_PrefabInternal: {fileID: 100100000}
  m_GameObject: {fileID: 176218}
  m_LocalRotation: {x: 0, y: 0, z: 0, w: 1}
  m_LocalPosition: {x: 0, y: 0, z: 0}
  m_LocalScale: {x: 1, y: 1, z: 1}
  m_Children: []
  m_Father: {fileID: 0}
  m_RootOrder: 0
  m_LocalEulerAnglesHint: {x: 0, y: 0, z: 0}
--- !u!114 &11411198
MonoBehaviour:
  m_ObjectHideFlags: 1
  m_PrefabParentObject: {fileID: 0}
  m_PrefabInternal: {fileID: 100100000}
  m_GameObject: {fileID: 176218}
  m_Enabled: 1
  m_EditorHideFlags: 0
  m_Script: {fileID: 11500000, guid: 0703be101c1d61e4593e64684f3ecc89, type: 3}
  m_Name: 
  m_EditorClassIdentifier: 
  Wave: 250000005600000063000000
  Story: 
  fatSpeed: 10.2
  fatDamage: 1
  fatMustacheDrop: 1
  fatHealth: 36
  thinSpeed: 6
  thinDamage: 1
  thinMustacheDrop: 1
  thinHealth: 20
  muscleSpeed: 8
  muscleDamage: 3
  muscleMustacheDrop: 2
  muscleHealth: 28
  giantSpeed: 0
  giantDamage: 0
  giantMustacheDrop: 0
  giantHealth: 0
  hfSpeed: 3.8
  hfDamage: 1
  hfMustacheDrop: 1
  hfHealth: 12
  hfxSpeed: 4.1
  hfxDamage: 6
  hfxMustacheDrop: 2
  hfxHealth: 12
  barrelSpeed: 8.1
  barrelDamage: 2
  barrelMustacheDrop: 3
  barrelHealth: 24
  barrelxSpeed: 0
  barrelxDamage: 0
  barrelxMustacheDrop: 0
  barrelxHealth: 0
  barrelqSpeed: 0
  barrelqDamage: 0
  barrelqMustacheDrop: 0
  barrelqHealth: 0
  hfStickyHealth: 2
  hfxExplosionDamage: 12
  barrelVulnerableTime: 1.5
  barrelXExplosionDamage: 12
  barrelXVulnerableTime: 0
  barrelQExplosionDamage: 0
  barrelQVulnerableTime: 0
  barrelQHedgehogDamage: 0
  Mustache: 90010000
  RandomChest: 
  Items: 7000000080000000
  FixedChest: []
  missesThresholdPercent: 90
  enemyList:
  - enemyType: 5
    enemySpawnTime: 2
    enemyMustache: 0
    enemyHP: 
    enemyDamage: 0
    enemyLane: 3
    enemyMoveSpeed: 8
    explosionDamage: 0
    itemValue: 1
    itemTimeVariation: 0
    Hp: 28
    randomPool: lurd24
    itemRandomPool: a
    id: 0
    AbsoluteTime: 2
    flagAlarm: 0
  - enemyType: 0
    enemySpawnTime: 7.5
    enemyMustache: 0
    enemyHP: 4628
    enemyDamage: 0
    enemyLane: 1
    enemyMoveSpeed: 8
    explosionDamage: 0
    itemValue: 1
    itemTimeVariation: 0
    Hp: 36
    randomPool: lurd
    itemRandomPool: a
    id: 1
    AbsoluteTime: 9.5
    flagAlarm: 0
  - enemyType: 44
    enemySpawnTime: 0.5
    enemyMustache: 0
    enemyHP: 
    enemyDamage: 0
    enemyLane: 2
    enemyMoveSpeed: 8
    explosionDamage: 0
    itemValue: 1
    itemTimeVariation: 0
    Hp: 8
    randomPool: lurd
    itemRandomPool: a
    id: 2
    AbsoluteTime: 10
    flagAlarm: 0
  - enemyType: 0
    enemySpawnTime: 0.5
    enemyMustache: 0
    enemyHP: 
    enemyDamage: 0
    enemyLane: 2
    enemyMoveSpeed: 8
    explosionDamage: 0
    itemValue: 1
    itemTimeVariation: 0
    Hp: 36
    randomPool: 2468
    itemRandomPool: a
    id: 3
    AbsoluteTime: 10.5
    flagAlarm: 0
  - enemyType: 0
    enemySpawnTime: 1.8
    enemyMustache: 0
    enemyHP: 
    enemyDamage: 0
    enemyLane: 0
    enemyMoveSpeed: 8
    explosionDamage: 0
    itemValue: 1
    itemTimeVariation: 0
    Hp: 36
    randomPool: 2468
    itemRandomPool: a
    id: 4
    AbsoluteTime: 12.3
    flagAlarm: 0
  - enemyType: 1
    enemySpawnTime: 0
    enemyMustache: 0
    enemyHP: 
    enemyDamage: 0
    enemyLane: 1
    enemyMoveSpeed: 8
    explosionDamage: 0
    itemValue: 1
    itemTimeVariation: 0
    Hp: 36
    randomPool: 2468
    itemRandomPool: a
    id: 5
    AbsoluteTime: 12.3
    flagAlarm: 0
  - enemyType: 1
    enemySpawnTime: 0
    enemyMustache: 0
    enemyHP: 
    enemyDamage: 0
    enemyLane: 2
    enemyMoveSpeed: 8
    explosionDamage: 0
    itemValue: 1
    itemTimeVariation: 0
    Hp: 36
    randomPool: 2468
    itemRandomPool: a
    id: 6
    AbsoluteTime: 12.3
    flagAlarm: 0
  - enemyType: 0
    enemySpawnTime: 0
    enemyMustache: 0
    enemyHP: 
    enemyDamage: 0
    enemyLane: 3
    enemyMoveSpeed: 8
    explosionDamage: 0
    itemValue: 1
    itemTimeVariation: 0
    Hp: 36
    randomPool: 2468
    itemRandomPool: a
    id: 7
    AbsoluteTime: 12.3
    flagAlarm: 0
  - enemyType: 5
    enemySpawnTime: 7
    enemyMustache: 0
    enemyHP: 
    enemyDamage: 0
    enemyLane: 1
    enemyMoveSpeed: 8
    explosionDamage: 0
    itemValue: 1
    itemTimeVariation: 0
    Hp: 28
    randomPool: lurd6
    itemRandomPool: a
    id: 8
    AbsoluteTime: 19.3
    flagAlarm: 0
  - enemyType: 8
    enemySpawnTime: 5
    enemyMustache: 0
    enemyHP: 
    enemyDamage: 0
    enemyLane: 2
    enemyMoveSpeed: 8
    explosionDamage: 0
    itemValue: 1
    itemTimeVariation: 0
    Hp: 12
    randomPool: lurd4
    itemRandomPool: a
    id: 9
    AbsoluteTime: 24.3
    flagAlarm: 0
  - enemyType: 5
    enemySpawnTime: 0
    enemyMustache: 0
    enemyHP: 
    enemyDamage: 0
    enemyLane: 3
    enemyMoveSpeed: 8
    explosionDamage: 0
    itemValue: 1
    itemTimeVariation: 0
    Hp: 28
    randomPool: lurd4
    itemRandomPool: a
    id: 10
    AbsoluteTime: 24.3
    flagAlarm: 0
  - enemyType: 44
    enemySpawnTime: 6.8
    enemyMustache: 0
    enemyHP: 
    enemyDamage: 0
    enemyLane: 0
    enemyMoveSpeed: 8
    explosionDamage: 0
    itemValue: 1
    itemTimeVariation: 0
    Hp: 12
    randomPool: lurd
    itemRandomPool: a
    id: 11
    AbsoluteTime: 31.1
    flagAlarm: 0
  - enemyType: 8
    enemySpawnTime: 2
    enemyMustache: 0
    enemyHP: 
    enemyDamage: 0
    enemyLane: 0
    enemyMoveSpeed: 8
    explosionDamage: 0
    itemValue: 1
    itemTimeVariation: 0
    Hp: 12
    randomPool: lurd
    itemRandomPool: a
    id: 12
    AbsoluteTime: 33.1
    flagAlarm: 0
  - enemyType: 8
    enemySpawnTime: 0
    enemyMustache: 0
    enemyHP: 
    enemyDamage: 0
    enemyLane: 1
    enemyMoveSpeed: 8
    explosionDamage: 0
    itemValue: 1
    itemTimeVariation: 0
    Hp: 12
    randomPool: lurd4
    itemRandomPool: a
    id: 13
    AbsoluteTime: 33.1
    flagAlarm: 0
  - enemyType: 8
    enemySpawnTime: 0
    enemyMustache: 0
    enemyHP: 
    enemyDamage: 0
    enemyLane: 2
    enemyMoveSpeed: 8
    explosionDamage: 0
    itemValue: 1
    itemTimeVariation: 0
    Hp: 12
    randomPool: lurd4
    itemRandomPool: a
    id: 14
    AbsoluteTime: 33.1
    flagAlarm: 0
  - enemyType: 8
    enemySpawnTime: 0
    enemyMustache: 0
    enemyHP: 
    enemyDamage: 0
    enemyLane: 3
    enemyMoveSpeed: 8
    explosionDamage: 0
    itemValue: 1
    itemTimeVariation: 0
    Hp: 12
    randomPool: lurd4
    itemRandomPool: a
    id: 15
    AbsoluteTime: 33.1
    flagAlarm: 0
  - enemyType: 8
    enemySpawnTime: 1
    enemyMustache: 0
    enemyHP: 
    enemyDamage: 0
    enemyLane: 0
    enemyMoveSpeed: 8
    explosionDamage: 0
    itemValue: 1
    itemTimeVariation: 0
    Hp: 12
    randomPool: lurd
    itemRandomPool: a
    id: 16
    AbsoluteTime: 34.1
    flagAlarm: 0
  - enemyType: 8
    enemySpawnTime: 0
    enemyMustache: 0
    enemyHP: 
    enemyDamage: 0
    enemyLane: 1
    enemyMoveSpeed: 8
    explosionDamage: 0
    itemValue: 1
    itemTimeVariation: 0
    Hp: 12
    randomPool: lurd4
    itemRandomPool: a
    id: 17
    AbsoluteTime: 34.1
    flagAlarm: 0
  - enemyType: 8
    enemySpawnTime: 0
    enemyMustache: 0
    enemyHP: 
    enemyDamage: 0
    enemyLane: 2
    enemyMoveSpeed: 8
    explosionDamage: 0
    itemValue: 1
    itemTimeVariation: 0
    Hp: 12
    randomPool: lurd4
    itemRandomPool: a
    id: 18
    AbsoluteTime: 34.1
    flagAlarm: 0
  - enemyType: 8
    enemySpawnTime: 0
    enemyMustache: 0
    enemyHP: 
    enemyDamage: 0
    enemyLane: 3
    enemyMoveSpeed: 8
    explosionDamage: 0
    itemValue: 1
    itemTimeVariation: 0
    Hp: 12
    randomPool: lurd4
    itemRandomPool: a
    id: 19
    AbsoluteTime: 34.1
    flagAlarm: 0
  - enemyType: 42
    enemySpawnTime: 5.4
    enemyMustache: 0
    enemyHP: 
    enemyDamage: 0
    enemyLane: 0
    enemyMoveSpeed: 3.5
    explosionDamage: 0
    itemValue: 1
    itemTimeVariation: 0
    Hp: 5
    randomPool: lurd
    itemRandomPool: a
    id: 20
    AbsoluteTime: 39.5
    flagAlarm: 0
  - enemyType: 4
    enemySpawnTime: 3.6
    enemyMustache: 0
    enemyHP: dudududududu
    enemyDamage: 0
    enemyLane: 1
    enemyMoveSpeed: 8
    explosionDamage: 0
    itemValue: 1
    itemTimeVariation: 0
    Hp: 28
    randomPool: lurd
    itemRandomPool: a
    id: 21
    AbsoluteTime: 43.1
    flagAlarm: 0
  - enemyType: 4
    enemySpawnTime: 1.2
    enemyMustache: 0
    enemyHP: lrlrlrlrlrlrlrlrlr
    enemyDamage: 0
    enemyLane: 3
    enemyMoveSpeed: 8
    explosionDamage: 0
    itemValue: 1
    itemTimeVariation: 0
    Hp: 28
    randomPool: lurd
    itemRandomPool: a
    id: 22
    AbsoluteTime: 44.3
    flagAlarm: 0
  - enemyType: 4
    enemySpawnTime: 1.2
    enemyMustache: 0
    enemyHP: dudududududu
    enemyDamage: 0
    enemyLane: 1
    enemyMoveSpeed: 8
    explosionDamage: 0
    itemValue: 1
    itemTimeVariation: 0
    Hp: 28
    randomPool: lurd
    itemRandomPool: a
    id: 23
    AbsoluteTime: 45.5
    flagAlarm: 0
  - enemyType: 4
    enemySpawnTime: 1.2
    enemyMustache: 0
    enemyHP: lrlrlrlrlrlrlrlrlr
    enemyDamage: 0
    enemyLane: 3
    enemyMoveSpeed: 8
    explosionDamage: 0
    itemValue: 1
    itemTimeVariation: 0
    Hp: 28
    randomPool: lurd
    itemRandomPool: a
    id: 24
    AbsoluteTime: 46.7
    flagAlarm: 0
  - enemyType: 4
    enemySpawnTime: 1.2
    enemyMustache: 0
    enemyHP: dudududududu
    enemyDamage: 0
    enemyLane: 1
    enemyMoveSpeed: 8
    explosionDamage: 0
    itemValue: 1
    itemTimeVariation: 0
    Hp: 28
    randomPool: lurd
    itemRandomPool: a
    id: 25
    AbsoluteTime: 47.9
    flagAlarm: 0
  - enemyType: 4
    enemySpawnTime: 1.2
    enemyMustache: 0
    enemyHP: lrlrlrlrlrlrlrlrlr
    enemyDamage: 0
    enemyLane: 3
    enemyMoveSpeed: 8
    explosionDamage: 0
    itemValue: 1
    itemTimeVariation: 0
    Hp: 28
    randomPool: lurd
    itemRandomPool: a
    id: 26
    AbsoluteTime: 49.1
    flagAlarm: 0
  - enemyType: 5
    enemySpawnTime: 1.2
    enemyMustache: 0
    enemyHP: dudududududu
    enemyDamage: 0
    enemyLane: 1
    enemyMoveSpeed: 8
    explosionDamage: 0
    itemValue: 1
    itemTimeVariation: 0
    Hp: 28
    randomPool: lurd
    itemRandomPool: a
    id: 27
    AbsoluteTime: 50.3
    flagAlarm: 0
  - enemyType: 5
    enemySpawnTime: 1.2
    enemyMustache: 0
    enemyHP: lrlrlrlrlrlrlrlrlr
    enemyDamage: 0
    enemyLane: 3
    enemyMoveSpeed: 8
    explosionDamage: 0
    itemValue: 1
    itemTimeVariation: 0
    Hp: 28
    randomPool: lurd
    itemRandomPool: a
    id: 28
    AbsoluteTime: 51.5
    flagAlarm: 0
  - enemyType: 3
    enemySpawnTime: 6
    enemyMustache: 0
    enemyHP: 4*6
    enemyDamage: 0
    enemyLane: 2
    enemyMoveSpeed: 8
    explosionDamage: 0
    itemValue: 1
    itemTimeVariation: 0
    Hp: 20
    randomPool: lurd2468
    itemRandomPool: a
    id: 29
    AbsoluteTime: 57.5
    flagAlarm: 0
  - enemyType: 2
    enemySpawnTime: 2.6
    enemyMustache: 0
    enemyHP: 
    enemyDamage: 0
    enemyLane: 0
    enemyMoveSpeed: 8
    explosionDamage: 0
    itemValue: 1
    itemTimeVariation: 0
    Hp: 20
    randomPool: lurd2468
    itemRandomPool: a
    id: 30
    AbsoluteTime: 60.1
    flagAlarm: 0
  - enemyType: 2
    enemySpawnTime: 2.6
    enemyMustache: 0
    enemyHP: 
    enemyDamage: 0
    enemyLane: 2
    enemyMoveSpeed: 8
    explosionDamage: 0
    itemValue: 1
    itemTimeVariation: 0
    Hp: 20
    randomPool: lurd2468
    itemRandomPool: a
    id: 31
    AbsoluteTime: 62.7
    flagAlarm: 0
  - enemyType: 2
    enemySpawnTime: 2.6
    enemyMustache: 0
    enemyHP: 
    enemyDamage: 0
    enemyLane: 0
    enemyMoveSpeed: 8
    explosionDamage: 0
    itemValue: 1
    itemTimeVariation: 0
    Hp: 20
    randomPool: lurd2468
    itemRandomPool: a
    id: 32
    AbsoluteTime: 65.3
    flagAlarm: 0
  - enemyType: 2
    enemySpawnTime: 2.6
    enemyMustache: 0
    enemyHP: 
    enemyDamage: 0
    enemyLane: 2
    enemyMoveSpeed: 8
    explosionDamage: 0
    itemValue: 1
    itemTimeVariation: 0
    Hp: 20
    randomPool: lurd2468
    itemRandomPool: a
    id: 33
    AbsoluteTime: 67.9
    flagAlarm: 0
  - enemyType: 2
    enemySpawnTime: 2.6
    enemyMustache: 0
    enemyHP: 
    enemyDamage: 0
    enemyLane: 0
    enemyMoveSpeed: 8
    explosionDamage: 0
    itemValue: 1
    itemTimeVariation: 0
    Hp: 20
    randomPool: lurd2468
    itemRandomPool: a
    id: 34
    AbsoluteTime: 70.5
    flagAlarm: 0
  - enemyType: 2
    enemySpawnTime: 2.6
    enemyMustache: 0
    enemyHP: 
    enemyDamage: 0
    enemyLane: 2
    enemyMoveSpeed: 8
    explosionDamage: 0
    itemValue: 1
    itemTimeVariation: 0
    Hp: 20
    randomPool: lurd2468
    itemRandomPool: a
    id: 35
    AbsoluteTime: 73.1
    flagAlarm: 0
  - enemyType: 3
    enemySpawnTime: 2.6
    enemyMustache: 0
    enemyHP: 
    enemyDamage: 0
    enemyLane: 0
    enemyMoveSpeed: 8
    explosionDamage: 0
    itemValue: 1
    itemTimeVariation: 0
    Hp: 20
    randomPool: lurd2468
    itemRandomPool: a
    id: 36
    AbsoluteTime: 75.7
    flagAlarm: 0
  - enemyType: 1
    enemySpawnTime: 7
    enemyMustache: 0
    enemyHP: 
    enemyDamage: 0
    enemyLane: 0
    enemyMoveSpeed: 8
    explosionDamage: 0
    itemValue: 1
    itemTimeVariation: 0
    Hp: 36
    randomPool: lurd46
    itemRandomPool: a
    id: 37
    AbsoluteTime: 82.7
    flagAlarm: 1
  - enemyType: 8
    enemySpawnTime: 1.5
    enemyMustache: 0
    enemyHP: 
    enemyDamage: 0
    enemyLane: 2
    enemyMoveSpeed: 8
    explosionDamage: 0
    itemValue: 1
    itemTimeVariation: 0
    Hp: 12
    randomPool: lurd
    itemRandomPool: a
    id: 38
    AbsoluteTime: 84.2
    flagAlarm: 0
  - enemyType: 8
    enemySpawnTime: 0
    enemyMustache: 0
    enemyHP: 
    enemyDamage: 0
    enemyLane: 3
    enemyMoveSpeed: 8
    explosionDamage: 0
    itemValue: 1
    itemTimeVariation: 0
    Hp: 12
    randomPool: lurd
    itemRandomPool: a
    id: 39
    AbsoluteTime: 84.2
    flagAlarm: 0
  - enemyType: 2
    enemySpawnTime: 1.1
    enemyMustache: 0
    enemyHP: 
    enemyDamage: 0
    enemyLane: 2
    enemyMoveSpeed: 8
    explosionDamage: 0
    itemValue: 1
    itemTimeVariation: 0
    Hp: 20
    randomPool: lurd28
    itemRandomPool: a
    id: 40
    AbsoluteTime: 85.3
    flagAlarm: 0
  - enemyType: 2
    enemySpawnTime: 0
    enemyMustache: 0
    enemyHP: 
    enemyDamage: 0
    enemyLane: 3
    enemyMoveSpeed: 8
    explosionDamage: 0
    itemValue: 1
    itemTimeVariation: 0
    Hp: 20
    randomPool: lurd
    itemRandomPool: a
    id: 41
    AbsoluteTime: 85.3
    flagAlarm: 0
  - enemyType: 1
    enemySpawnTime: 1.1
    enemyMustache: 0
    enemyHP: 
    enemyDamage: 0
    enemyLane: 0
    enemyMoveSpeed: 8
    explosionDamage: 0
    itemValue: 1
    itemTimeVariation: 0
    Hp: 36
    randomPool: lurd46
    itemRandomPool: a
    id: 42
    AbsoluteTime: 86.39999
    flagAlarm: 0
  - enemyType: 5
    enemySpawnTime: 1.8
    enemyMustache: 0
    enemyHP: 
    enemyDamage: 0
    enemyLane: 1
    enemyMoveSpeed: 8
    explosionDamage: 0
    itemValue: 1
    itemTimeVariation: 0
    Hp: 28
    randomPool: lurd46
    itemRandomPool: a
    id: 43
    AbsoluteTime: 88.2
    flagAlarm: 0
  - enemyType: 2
    enemySpawnTime: 0
    enemyMustache: 0
    enemyHP: 
    enemyDamage: 0
    enemyLane: 3
    enemyMoveSpeed: 8
    explosionDamage: 0
    itemValue: 1
    itemTimeVariation: 0
    Hp: 20
    randomPool: lurd28
    itemRandomPool: a
    id: 44
    AbsoluteTime: 88.2
    flagAlarm: 0
  - enemyType: 44
    enemySpawnTime: 0
    enemyMustache: 0
    enemyHP: 
    enemyDamage: 0
    enemyLane: 0
    enemyMoveSpeed: 8.5
    explosionDamage: 0
    itemValue: 1
    itemTimeVariation: 0
    Hp: 24
    randomPool: 2846
    itemRandomPool: a
    id: 45
    AbsoluteTime: 88.2
    flagAlarm: 0
  - enemyType: 4
    enemySpawnTime: 2.1
    enemyMustache: 0
    enemyHP: 
    enemyDamage: 0
    enemyLane: 3
    enemyMoveSpeed: 8
    explosionDamage: 0
    itemValue: 1
    itemTimeVariation: 0
    Hp: 28
    randomPool: lurd28
    itemRandomPool: a
    id: 46
    AbsoluteTime: 90.3
    flagAlarm: 0
  - enemyType: 0
    enemySpawnTime: 0
    enemyMustache: 0
    enemyHP: 
    enemyDamage: 0
    enemyLane: 0
    enemyMoveSpeed: 8
    explosionDamage: 0
    itemValue: 1
    itemTimeVariation: 0
    Hp: 36
    randomPool: lurd46
    itemRandomPool: a
    id: 47
    AbsoluteTime: 90.3
    flagAlarm: 0
  - enemyType: 5
    enemySpawnTime: 2
    enemyMustache: 0
    enemyHP: 
    enemyDamage: 0
    enemyLane: 1
    enemyMoveSpeed: 8
    explosionDamage: 0
    itemValue: 1
    itemTimeVariation: 0
    Hp: 28
    randomPool: lurd46
    itemRandomPool: a
    id: 48
    AbsoluteTime: 92.3
    flagAlarm: 0
  - enemyType: 0
    enemySpawnTime: 1.8
    enemyMustache: 0
    enemyHP: 
    enemyDamage: 0
    enemyLane: 0
    enemyMoveSpeed: 8
    explosionDamage: 0
    itemValue: 1
    itemTimeVariation: 0
    Hp: 36
    randomPool: lurd28
    itemRandomPool: a
    id: 49
    AbsoluteTime: 94.1
    flagAlarm: 0
  - enemyType: 1
    enemySpawnTime: 0
    enemyMustache: 0
    enemyHP: 
    enemyDamage: 0
    enemyLane: 2
    enemyMoveSpeed: 8
    explosionDamage: 0
    itemValue: 1
    itemTimeVariation: 0
    Hp: 36
    randomPool: lurd28
    itemRandomPool: a
    id: 50
    AbsoluteTime: 94.1
    flagAlarm: 0
  - enemyType: 0
    enemySpawnTime: 0
    enemyMustache: 0
    enemyHP: 
    enemyDamage: 0
    enemyLane: 3
    enemyMoveSpeed: 8
    explosionDamage: 0
    itemValue: 1
    itemTimeVariation: 0
    Hp: 36
    randomPool: lurd46
    itemRandomPool: a
    id: 51
    AbsoluteTime: 94.1
    flagAlarm: 0
  - enemyType: 43
    enemySpawnTime: 9
    enemyMustache: 0
    enemyHP: 
    enemyDamage: 0
    enemyLane: 3
    enemyMoveSpeed: 6.5
    explosionDamage: 0
    itemValue: 2
    itemTimeVariation: 0
    Hp: 20
    randomPool: lurd2468
    itemRandomPool: a
    id: 52
    AbsoluteTime: 103.1
    flagAlarm: 0
  - enemyType: 8
    enemySpawnTime: 5
    enemyMustache: 0
    enemyHP: 
    enemyDamage: 0
    enemyLane: 3
    enemyMoveSpeed: 6.5
    explosionDamage: 0
    itemValue: 1
    itemTimeVariation: 0
    Hp: 12
    randomPool: lurd
    itemRandomPool: a
    id: 53
    AbsoluteTime: 108.1
    flagAlarm: 0
  - enemyType: 8
    enemySpawnTime: 1
    enemyMustache: 0
    enemyHP: 
    enemyDamage: 0
    enemyLane: 0
    enemyMoveSpeed: 6.5
    explosionDamage: 0
    itemValue: 1
    itemTimeVariation: 0
    Hp: 12
    randomPool: lurd
    itemRandomPool: a
    id: 54
    AbsoluteTime: 109.1
    flagAlarm: 0
  - enemyType: 8
    enemySpawnTime: 1
    enemyMustache: 0
    enemyHP: 
    enemyDamage: 0
    enemyLane: 3
    enemyMoveSpeed: 6.5
    explosionDamage: 0
    itemValue: 1
    itemTimeVariation: 0
    Hp: 12
    randomPool: lurd
    itemRandomPool: a
    id: 55
    AbsoluteTime: 110.1
    flagAlarm: 0
  - enemyType: 8
    enemySpawnTime: 1
    enemyMustache: 0
    enemyHP: 
    enemyDamage: 0
    enemyLane: 0
    enemyMoveSpeed: 6.5
    explosionDamage: 0
    itemValue: 1
    itemTimeVariation: 0
    Hp: 12
    randomPool: lurd
    itemRandomPool: a
    id: 56
    AbsoluteTime: 111.1
    flagAlarm: 0
  - enemyType: 0
    enemySpawnTime: 2.5
    enemyMustache: 0
    enemyHP: 
    enemyDamage: 0
    enemyLane: 0
    enemyMoveSpeed: 6.5
    explosionDamage: 0
    itemValue: 1
    itemTimeVariation: 0
    Hp: 36
    randomPool: lurd2468
    itemRandomPool: a
    id: 57
    AbsoluteTime: 113.6
    flagAlarm: 0
  - enemyType: 0
    enemySpawnTime: 0
    enemyMustache: 0
    enemyHP: 
    enemyDamage: 0
    enemyLane: 1
    enemyMoveSpeed: 6.5
    explosionDamage: 0
    itemValue: 1
    itemTimeVariation: 0
    Hp: 36
    randomPool: lurd2468
    itemRandomPool: a
    id: 58
    AbsoluteTime: 113.6
    flagAlarm: 0
  - enemyType: 0
    enemySpawnTime: 0
    enemyMustache: 0
    enemyHP: 
    enemyDamage: 0
    enemyLane: 2
    enemyMoveSpeed: 6.5
    explosionDamage: 0
    itemValue: 1
    itemTimeVariation: 0
    Hp: 36
    randomPool: lurd2468
    itemRandomPool: a
    id: 59
    AbsoluteTime: 113.6
    flagAlarm: 0
  - enemyType: 10
    enemySpawnTime: 2.5
    enemyMustache: 0
    enemyHP: 
    enemyDamage: 0
    enemyLane: 3
    enemyMoveSpeed: 6.5
    explosionDamage: 0
    itemValue: 1
    itemTimeVariation: 0
    Hp: 12
    randomPool: lurd2468
    itemRandomPool: a
    id: 60
    AbsoluteTime: 116.1
    flagAlarm: 0
  - enemyType: 1
    enemySpawnTime: 3.4
    enemyMustache: 0
    enemyHP: 
    enemyDamage: 0
    enemyLane: 0
    enemyMoveSpeed: 6.5
    explosionDamage: 0
    itemValue: 1
    itemTimeVariation: 0
    Hp: 36
    randomPool: lurd2468
    itemRandomPool: a
    id: 61
    AbsoluteTime: 119.5
    flagAlarm: 0
  - enemyType: 1
    enemySpawnTime: 0
    enemyMustache: 0
    enemyHP: 
    enemyDamage: 0
    enemyLane: 1
    enemyMoveSpeed: 6.5
    explosionDamage: 0
    itemValue: 1
    itemTimeVariation: 0
    Hp: 36
    randomPool: lurd2468
    itemRandomPool: a
    id: 62
    AbsoluteTime: 119.5
    flagAlarm: 0
  - enemyType: 1
    enemySpawnTime: 0
    enemyMustache: 0
    enemyHP: 
    enemyDamage: 0
    enemyLane: 2
    enemyMoveSpeed: 6.5
    explosionDamage: 0
    itemValue: 1
    itemTimeVariation: 0
    Hp: 36
    randomPool: lurd2468
    itemRandomPool: a
    id: 63
    AbsoluteTime: 119.5
    flagAlarm: 0
  - enemyType: 10
    enemySpawnTime: 0.9
    enemyMustache: 0
    enemyHP: 
    enemyDamage: 0
    enemyLane: 3
    enemyMoveSpeed: 6.5
    explosionDamage: 0
    itemValue: 1
    itemTimeVariation: 0
    Hp: 12
    randomPool: lurd2468
    itemRandomPool: a
    id: 64
    AbsoluteTime: 120.4
    flagAlarm: 0
  - enemyType: 41
    enemySpawnTime: 2.4
    enemyMustache: 0
    enemyHP: 
    enemyDamage: 0
    enemyLane: 3
    enemyMoveSpeed: 7
    explosionDamage: 0
    itemValue: 2
    itemTimeVariation: 0
    Hp: 20
    randomPool: lurd
    itemRandomPool: a
    id: 65
    AbsoluteTime: 122.8
    flagAlarm: 0
  - enemyType: 5
    enemySpawnTime: 2.8
    enemyMustache: 0
    enemyHP: 
    enemyDamage: 0
    enemyLane: 1
    enemyMoveSpeed: 7
    explosionDamage: 0
    itemValue: 2
    itemTimeVariation: 0
    Hp: 28
    randomPool: lurd
    itemRandomPool: a
    id: 66
    AbsoluteTime: 125.6
    flagAlarm: 0
  - enemyType: 5
    enemySpawnTime: 0
    enemyMustache: 0
    enemyHP: 
    enemyDamage: 0
    enemyLane: 2
    enemyMoveSpeed: 7
    explosionDamage: 0
    itemValue: 2
    itemTimeVariation: 0
    Hp: 28
    randomPool: lurd
    itemRandomPool: a
    id: 67
    AbsoluteTime: 125.6
    flagAlarm: 0
  - enemyType: 0
    enemySpawnTime: 5.5
    enemyMustache: 0
    enemyHP: 
    enemyDamage: 0
    enemyLane: 0
    enemyMoveSpeed: 7
    explosionDamage: 0
    itemValue: 2
    itemTimeVariation: 0
    Hp: 36
    randomPool: lurd
    itemRandomPool: a
    id: 68
    AbsoluteTime: 131.1
    flagAlarm: 0
  - enemyType: 0
    enemySpawnTime: 0
    enemyMustache: 0
    enemyHP: 
    enemyDamage: 0
    enemyLane: 3
    enemyMoveSpeed: 7
    explosionDamage: 0
    itemValue: 2
    itemTimeVariation: 0
    Hp: 36
    randomPool: lurd
    itemRandomPool: a
    id: 69
    AbsoluteTime: 131.1
    flagAlarm: 0
  - enemyType: 2
    enemySpawnTime: 7
    enemyMustache: 0
    enemyHP: 
    enemyDamage: 0
    enemyLane: 0
    enemyMoveSpeed: 7
    explosionDamage: 0
    itemValue: 2
    itemTimeVariation: 0
    Hp: 20
    randomPool: 2468
    itemRandomPool: a
    id: 70
    AbsoluteTime: 138.1
    flagAlarm: 0
  - enemyType: 3
    enemySpawnTime: 1
    enemyMustache: 0
    enemyHP: 
    enemyDamage: 0
    enemyLane: 1
    enemyMoveSpeed: 7
    explosionDamage: 0
    itemValue: 2
    itemTimeVariation: 0
    Hp: 20
    randomPool: lurd4628
    itemRandomPool: a
    id: 71
    AbsoluteTime: 139.1
    flagAlarm: 0
  - enemyType: 44
    enemySpawnTime: 3.5
    enemyMustache: 0
    enemyHP: 
    enemyDamage: 0
    enemyLane: 1
    enemyMoveSpeed: 8
    explosionDamage: 0
    itemValue: 1
    itemTimeVariation: 0
    Hp: 12
    randomPool: lurd
    itemRandomPool: a
    id: 72
    AbsoluteTime: 142.6
    flagAlarm: 0
  - enemyType: 4
    enemySpawnTime: 1
    enemyMustache: 0
    enemyHP: 
    enemyDamage: 0
    enemyLane: 0
    enemyMoveSpeed: 8
    explosionDamage: 0
    itemValue: 1
    itemTimeVariation: 0
    Hp: 28
    randomPool: 2468
    itemRandomPool: a
    id: 73
    AbsoluteTime: 143.6
    flagAlarm: 0
  - enemyType: 4
    enemySpawnTime: 1
    enemyMustache: 0
    enemyHP: 
    enemyDamage: 0
    enemyLane: 1
    enemyMoveSpeed: 8
    explosionDamage: 0
    itemValue: 1
    itemTimeVariation: 0
    Hp: 28
    randomPool: lurd2468
    itemRandomPool: a
    id: 74
    AbsoluteTime: 144.6
    flagAlarm: 0
  - enemyType: 4
    enemySpawnTime: 1
    enemyMustache: 0
    enemyHP: 
    enemyDamage: 0
    enemyLane: 2
    enemyMoveSpeed: 8
    explosionDamage: 0
    itemValue: 1
    itemTimeVariation: 0
    Hp: 28
    randomPool: 2468
    itemRandomPool: a
    id: 75
    AbsoluteTime: 145.6
    flagAlarm: 0
  - enemyType: 4
    enemySpawnTime: 1.1
    enemyMustache: 0
    enemyHP: 
    enemyDamage: 0
    enemyLane: 3
    enemyMoveSpeed: 8
    explosionDamage: 0
    itemValue: 1
    itemTimeVariation: 0
    Hp: 28
    randomPool: 2468
    itemRandomPool: a
    id: 76
    AbsoluteTime: 146.7
    flagAlarm: 0
  - enemyType: 42
    enemySpawnTime: 0
    enemyMustache: 0
    enemyHP: 
    enemyDamage: 0
    enemyLane: 2
    enemyMoveSpeed: 2.1
    explosionDamage: 0
    itemValue: 2
    itemTimeVariation: 0
    Hp: 6
    randomPool: 2468lurd
    itemRandomPool: a
    id: 77
    AbsoluteTime: 146.7
    flagAlarm: 0
  - enemyType: 5
    enemySpawnTime: 1
    enemyMustache: 0
    enemyHP: 
    enemyDamage: 0
    enemyLane: 0
    enemyMoveSpeed: 8
    explosionDamage: 0
    itemValue: 1
    itemTimeVariation: 0
    Hp: 28
    randomPool: lurd
    itemRandomPool: a
    id: 78
    AbsoluteTime: 147.7
    flagAlarm: 0
  - enemyType: 5
    enemySpawnTime: 1
    enemyMustache: 0
    enemyHP: 
    enemyDamage: 0
    enemyLane: 1
    enemyMoveSpeed: 8
    explosionDamage: 0
    itemValue: 1
    itemTimeVariation: 0
    Hp: 28
    randomPool: lurd
    itemRandomPool: a
    id: 79
    AbsoluteTime: 148.7
    flagAlarm: 0
  - enemyType: 1
    enemySpawnTime: 5
    enemyMustache: 0
    enemyHP: 
    enemyDamage: 0
    enemyLane: 2
    enemyMoveSpeed: 8
    explosionDamage: 0
    itemValue: 1
    itemTimeVariation: 0
    Hp: 36
    randomPool: lurd
    itemRandomPool: a
    id: 80
    AbsoluteTime: 153.7
    flagAlarm: 0
  - enemyType: 2
    enemySpawnTime: 5
    enemyMustache: 0
    enemyHP: lrldudulrdu
    enemyDamage: 0
    enemyLane: 0
    enemyMoveSpeed: 8
    explosionDamage: 0
    itemValue: 1
    itemTimeVariation: 0
    Hp: 20
    randomPool: lurd
    itemRandomPool: a
    id: 81
    AbsoluteTime: 158.7
    flagAlarm: 0
  - enemyType: 2
    enemySpawnTime: 0
    enemyMustache: 0
    enemyHP: lrldudulrdu
    enemyDamage: 0
    enemyLane: 3
    enemyMoveSpeed: 8
    explosionDamage: 0
    itemValue: 1
    itemTimeVariation: 0
    Hp: 20
    randomPool: lurd
    itemRandomPool: a
    id: 82
    AbsoluteTime: 158.7
    flagAlarm: 0
  - enemyType: 10
    enemySpawnTime: 3
    enemyMustache: 0
    enemyHP: 
    enemyDamage: 0
    enemyLane: 1
    enemyMoveSpeed: 8
    explosionDamage: 0
    itemValue: 1
    itemTimeVariation: 0
    Hp: 12
    randomPool: lurd
    itemRandomPool: a
    id: 83
    AbsoluteTime: 161.7
    flagAlarm: 0
  - enemyType: 40
    enemySpawnTime: 3
    enemyMustache: 0
    enemyHP: 
    enemyDamage: 0
    enemyLane: 1
    enemyMoveSpeed: 8
    explosionDamage: 0
    itemValue: 2
    itemTimeVariation: 0
    Hp: 20
    randomPool: lurd46
    itemRandomPool: a
    id: 84
    AbsoluteTime: 164.7
    flagAlarm: 0
  - enemyType: 43
    enemySpawnTime: 0.1
    enemyMustache: 0
    enemyHP: 
    enemyDamage: 0
    enemyLane: 2
    enemyMoveSpeed: 8
    explosionDamage: 0
    itemValue: 2
    itemTimeVariation: 0
    Hp: 20
    randomPool: lurd46
    itemRandomPool: a
    id: 85
    AbsoluteTime: 164.8
    flagAlarm: 0
  - enemyType: 8
    enemySpawnTime: 8
    enemyMustache: 0
    enemyHP: 
    enemyDamage: 0
    enemyLane: 2
    enemyMoveSpeed: 8
    explosionDamage: 0
    itemValue: 2
    itemTimeVariation: 0
    Hp: 12
    randomPool: lurd46
    itemRandomPool: a
    id: 86
    AbsoluteTime: 172.8
    flagAlarm: 1
  - enemyType: 8
    enemySpawnTime: 0.5
    enemyMustache: 0
    enemyHP: 
    enemyDamage: 0
    enemyLane: 0
    enemyMoveSpeed: 8
    explosionDamage: 0
    itemValue: 2
    itemTimeVariation: 0
    Hp: 12
    randomPool: lurd46
    itemRandomPool: a
    id: 87
    AbsoluteTime: 173.3
    flagAlarm: 0
  - enemyType: 8
    enemySpawnTime: 0.5
    enemyMustache: 0
    enemyHP: 
    enemyDamage: 0
    enemyLane: 1
    enemyMoveSpeed: 8
    explosionDamage: 0
    itemValue: 2
    itemTimeVariation: 0
    Hp: 12
    randomPool: lurd46
    itemRandomPool: a
    id: 88
    AbsoluteTime: 173.8
    flagAlarm: 0
  - enemyType: 44
    enemySpawnTime: 2
    enemyMustache: 0
    enemyHP: 
    enemyDamage: 0
    enemyLane: 1
    enemyMoveSpeed: 8
    explosionDamage: 0
    itemValue: 1
    itemTimeVariation: 0
    Hp: 16
    randomPool: lurd28
    itemRandomPool: a
    id: 89
    AbsoluteTime: 175.8
    flagAlarm: 0
  - enemyType: 0
    enemySpawnTime: 0
    enemyMustache: 0
    enemyHP: 
    enemyDamage: 0
    enemyLane: 1
    enemyMoveSpeed: 8
    explosionDamage: 0
    itemValue: 1
    itemTimeVariation: 0
    Hp: 36
    randomPool: lurd
    itemRandomPool: a
    id: 90
    AbsoluteTime: 175.8
    flagAlarm: 0
  - enemyType: 1
    enemySpawnTime: 0
    enemyMustache: 0
    enemyHP: 
    enemyDamage: 0
    enemyLane: 2
    enemyMoveSpeed: 8
    explosionDamage: 0
    itemValue: 1
    itemTimeVariation: 0
    Hp: 36
    randomPool: lurdd46r
    itemRandomPool: a
    id: 91
    AbsoluteTime: 175.8
    flagAlarm: 0
  - enemyType: 42
    enemySpawnTime: 1
    enemyMustache: 0
    enemyHP: 
    enemyDamage: 0
    enemyLane: 2
    enemyMoveSpeed: 8
    explosionDamage: 0
    itemValue: 2
    itemTimeVariation: 0
    Hp: 10
    randomPool: lurd46
    itemRandomPool: a
    id: 92
    AbsoluteTime: 176.8
    flagAlarm: 0
  - enemyType: 2
    enemySpawnTime: 1.2
    enemyMustache: 0
    enemyHP: 
    enemyDamage: 0
    enemyLane: 0
    enemyMoveSpeed: 8
    explosionDamage: 0
    itemValue: 1
    itemTimeVariation: 0
    Hp: 20
    randomPool: lurd2468
    itemRandomPool: a
    id: 93
    AbsoluteTime: 178
    flagAlarm: 0
  - enemyType: 8
    enemySpawnTime: 0.8
    enemyMustache: 0
    enemyHP: 
    enemyDamage: 0
    enemyLane: 3
    enemyMoveSpeed: 8
    explosionDamage: 0
    itemValue: 1
    itemTimeVariation: 0
    Hp: 12
    randomPool: lurd2468
    itemRandomPool: a
    id: 94
    AbsoluteTime: 178.8
    flagAlarm: 0
  - enemyType: 0
    enemySpawnTime: 1.5
    enemyMustache: 0
    enemyHP: 
    enemyDamage: 0
    enemyLane: 1
    enemyMoveSpeed: 8
    explosionDamage: 0
    itemValue: 1
    itemTimeVariation: 0
    Hp: 36
    randomPool: lurd
    itemRandomPool: a
    id: 95
    AbsoluteTime: 180.3
    flagAlarm: 0
  - enemyType: 0
    enemySpawnTime: 0
    enemyMustache: 0
    enemyHP: 
    enemyDamage: 0
    enemyLane: 2
    enemyMoveSpeed: 8
    explosionDamage: 0
    itemValue: 1
    itemTimeVariation: 0
    Hp: 36
    randomPool: lurd
    itemRandomPool: a
    id: 96
    AbsoluteTime: 180.3
    flagAlarm: 0
  - enemyType: 4
    enemySpawnTime: 2
    enemyMustache: 0
    enemyHP: 
    enemyDamage: 0
    enemyLane: 0
    enemyMoveSpeed: 8
    explosionDamage: 0
    itemValue: 1
    itemTimeVariation: 0
    Hp: 28
    randomPool: lurd4
    itemRandomPool: a
    id: 97
    AbsoluteTime: 182.3
    flagAlarm: 0
  - enemyType: 5
    enemySpawnTime: 0
    enemyMustache: 0
    enemyHP: 
    enemyDamage: 0
    enemyLane: 3
    enemyMoveSpeed: 8
    explosionDamage: 0
    itemValue: 1
    itemTimeVariation: 0
    Hp: 28
    randomPool: lurd
    itemRandomPool: a
    id: 98
    AbsoluteTime: 182.3
    flagAlarm: 0
  - enemyType: 8
    enemySpawnTime: 9
    enemyMustache: 0
    enemyHP: 
    enemyDamage: 0
    enemyLane: 3
    enemyMoveSpeed: 8
    explosionDamage: 0
    itemValue: 1
    itemTimeVariation: 0
    Hp: 12
    randomPool: lurd
    itemRandomPool: a
    id: 99
    AbsoluteTime: 191.3
    flagAlarm: 1
  - enemyType: 8
    enemySpawnTime: 0.5
    enemyMustache: 0
    enemyHP: 
    enemyDamage: 0
    enemyLane: 2
    enemyMoveSpeed: 8
    explosionDamage: 0
    itemValue: 1
    itemTimeVariation: 0
    Hp: 12
    randomPool: lurd
    itemRandomPool: a
    id: 100
    AbsoluteTime: 191.8
    flagAlarm: 0
  - enemyType: 8
    enemySpawnTime: 0.5
    enemyMustache: 0
    enemyHP: 
    enemyDamage: 0
    enemyLane: 1
    enemyMoveSpeed: 8
    explosionDamage: 0
    itemValue: 1
    itemTimeVariation: 0
    Hp: 12
    randomPool: lurd
    itemRandomPool: a
    id: 101
    AbsoluteTime: 192.3
    flagAlarm: 0
  - enemyType: 8
    enemySpawnTime: 0.5
    enemyMustache: 0
    enemyHP: 
    enemyDamage: 0
    enemyLane: 0
    enemyMoveSpeed: 8
    explosionDamage: 0
    itemValue: 1
    itemTimeVariation: 0
    Hp: 12
    randomPool: lurd
    itemRandomPool: a
    id: 102
    AbsoluteTime: 192.8
    flagAlarm: 0
  - enemyType: 2
    enemySpawnTime: 1.2
    enemyMustache: 0
    enemyHP: 
    enemyDamage: 0
    enemyLane: 3
    enemyMoveSpeed: 8
    explosionDamage: 0
    itemValue: 1
    itemTimeVariation: 0
    Hp: 20
    randomPool: lurd46
    itemRandomPool: a
    id: 103
    AbsoluteTime: 194
    flagAlarm: 0
  - enemyType: 2
    enemySpawnTime: 1
    enemyMustache: 0
    enemyHP: 
    enemyDamage: 0
    enemyLane: 2
    enemyMoveSpeed: 8
    explosionDamage: 0
    itemValue: 1
    itemTimeVariation: 0
    Hp: 20
    randomPool: lurd46
    itemRandomPool: a
    id: 104
    AbsoluteTime: 195
    flagAlarm: 0
  - enemyType: 0
    enemySpawnTime: 1.2
    enemyMustache: 0
    enemyHP: 
    enemyDamage: 0
    enemyLane: 0
    enemyMoveSpeed: 8
    explosionDamage: 0
    itemValue: 1
    itemTimeVariation: 0
    Hp: 36
    randomPool: lurd
    itemRandomPool: a
    id: 105
    AbsoluteTime: 196.2
    flagAlarm: 0
  - enemyType: 4
    enemySpawnTime: 1.2
    enemyMustache: 0
    enemyHP: 
    enemyDamage: 0
    enemyLane: 1
    enemyMoveSpeed: 8
    explosionDamage: 0
    itemValue: 1
    itemTimeVariation: 0
    Hp: 28
    randomPool: lurd46
    itemRandomPool: a
    id: 106
    AbsoluteTime: 197.4
    flagAlarm: 0
  - enemyType: 4
    enemySpawnTime: 0
    enemyMustache: 0
    enemyHP: 
    enemyDamage: 0
    enemyLane: 2
    enemyMoveSpeed: 8
    explosionDamage: 0
    itemValue: 1
    itemTimeVariation: 0
    Hp: 28
    randomPool: lurd
    itemRandomPool: a
    id: 107
    AbsoluteTime: 197.4
    flagAlarm: 0
  - enemyType: 0
    enemySpawnTime: 1.2
    enemyMustache: 0
    enemyHP: 
    enemyDamage: 0
    enemyLane: 0
    enemyMoveSpeed: 8
    explosionDamage: 0
    itemValue: 1
    itemTimeVariation: 0
    Hp: 36
    randomPool: lurd
    itemRandomPool: a
    id: 108
    AbsoluteTime: 198.6
    flagAlarm: 0
  - enemyType: 3
    enemySpawnTime: 1.2
    enemyMustache: 0
    enemyHP: 
    enemyDamage: 0
    enemyLane: 3
    enemyMoveSpeed: 8
    explosionDamage: 0
    itemValue: 1
    itemTimeVariation: 0
    Hp: 20
    randomPool: lurd4
    itemRandomPool: a
    id: 109
    AbsoluteTime: 199.8
    flagAlarm: 0
  - enemyType: 1
    enemySpawnTime: 2
    enemyMustache: 0
    enemyHP: 
    enemyDamage: 0
    enemyLane: 1
    enemyMoveSpeed: 8
    explosionDamage: 0
    itemValue: 1
    itemTimeVariation: 0
    Hp: 36
    randomPool: lurd
    itemRandomPool: a
    id: 110
    AbsoluteTime: 201.8
    flagAlarm: 0
  - enemyType: 1
    enemySpawnTime: 0
    enemyMustache: 0
    enemyHP: 
    enemyDamage: 0
    enemyLane: 2
    enemyMoveSpeed: 8
    explosionDamage: 0
    itemValue: 1
    itemTimeVariation: 0
    Hp: 36
    randomPool: lurd
    itemRandomPool: a
    id: 111
    AbsoluteTime: 201.8
    flagAlarm: 0
  - enemyType: 5
    enemySpawnTime: 1.8
    enemyMustache: 0
    enemyHP: 
    enemyDamage: 0
    enemyLane: 3
    enemyMoveSpeed: 8
    explosionDamage: 0
    itemValue: 1
    itemTimeVariation: 0
    Hp: 28
    randomPool: lurd4628
    itemRandomPool: a
    id: 112
    AbsoluteTime: 203.6
    flagAlarm: 0
--- !u!114 &11415382
MonoBehaviour:
  m_ObjectHideFlags: 1
  m_PrefabParentObject: {fileID: 0}
  m_PrefabInternal: {fileID: 100100000}
  m_GameObject: {fileID: 176218}
  m_Enabled: 1
  m_EditorHideFlags: 0
  m_Script: {fileID: 11500000, guid: b35770897de0bcb46809566fd974b8e4, type: 3}
  m_Name: 
  m_EditorClassIdentifier: 
--- !u!1001 &100100000
Prefab:
  m_ObjectHideFlags: 1
  serializedVersion: 2
  m_Modification:
    m_TransformParent: {fileID: 0}
    m_Modifications: []
    m_RemovedComponents: []
  m_ParentPrefab: {fileID: 0}
  m_RootGameObject: {fileID: 176218}
  m_IsPrefabParent: 1
