%YAML 1.1
%TAG !u! tag:unity3d.com,2011:
--- !u!1 &150114
GameObject:
  m_ObjectHideFlags: 0
  m_PrefabParentObject: {fileID: 0}
  m_PrefabInternal: {fileID: 100100000}
  serializedVersion: 5
  m_Component:
  - component: {fileID: 460632}
  - component: {fileID: 11466000}
  - component: {fileID: 11455610}
  m_Layer: 0
  m_Name: Level 2-10 LD
  m_TagString: Untagged
  m_Icon: {fileID: 0}
  m_NavMeshLayer: 0
  m_StaticEditorFlags: 0
  m_IsActive: 1
--- !u!4 &460632
Transform:
  m_ObjectHideFlags: 1
  m_PrefabParentObject: {fileID: 0}
  m_PrefabInternal: {fileID: 100100000}
  m_GameObject: {fileID: 150114}
  m_LocalRotation: {x: 0, y: 0, z: 0, w: 1}
  m_LocalPosition: {x: 0, y: 0, z: 0}
  m_LocalScale: {x: 1, y: 1, z: 1}
  m_Children: []
  m_Father: {fileID: 0}
  m_RootOrder: 0
  m_LocalEulerAnglesHint: {x: 0, y: 0, z: 0}
--- !u!114 &11455610
MonoBehaviour:
  m_ObjectHideFlags: 1
  m_PrefabParentObject: {fileID: 0}
  m_PrefabInternal: {fileID: 100100000}
  m_GameObject: {fileID: 150114}
  m_Enabled: 1
  m_EditorHideFlags: 0
  m_Script: {fileID: 11500000, guid: b35770897de0bcb46809566fd974b8e4, type: 3}
  m_Name: 
  m_EditorClassIdentifier: 
--- !u!114 &11466000
MonoBehaviour:
  m_ObjectHideFlags: 1
  m_PrefabParentObject: {fileID: 0}
  m_PrefabInternal: {fileID: 100100000}
  m_GameObject: {fileID: 150114}
  m_Enabled: 1
  m_EditorHideFlags: 0
  m_Script: {fileID: 11500000, guid: 0703be101c1d61e4593e64684f3ecc89, type: 3}
  m_Name: 
  m_EditorClassIdentifier: 
  Wave: 16000000460000007400000087000000
  Story: 
  fatSpeed: 10.2
  fatDamage: 1
  fatMustacheDrop: 1
  fatHealth: 27
  thinSpeed: 6
  thinDamage: 1
  thinMustacheDrop: 1
  thinHealth: 13
  muscleSpeed: 8
  muscleDamage: 2
  muscleMustacheDrop: 2
  muscleHealth: 19
  giantSpeed: 0
  giantDamage: 0
  giantMustacheDrop: 0
  giantHealth: 0
  hfSpeed: 3.8
  hfDamage: 1
  hfMustacheDrop: 1
  hfHealth: 9
  hfxSpeed: 4.1
  hfxDamage: 4
  hfxMustacheDrop: 2
  hfxHealth: 9
  barrelSpeed: 0
  barrelDamage: 0
  barrelMustacheDrop: 0
  barrelHealth: 0
  barrelxSpeed: 0
  barrelxDamage: 0
  barrelxMustacheDrop: 0
  barrelxHealth: 0
  barrelqSpeed: 0
  barrelqDamage: 0
  barrelqMustacheDrop: 0
  barrelqHealth: 0
  hfStickyHealth: 2
  hfxExplosionDamage: 9
  barrelVulnerableTime: 0
  barrelXExplosionDamage: 9
  barrelXVulnerableTime: 0
  barrelQExplosionDamage: 0
  barrelQVulnerableTime: 0
  barrelQHedgehogDamage: 0
  Mustache: 
  RandomChest: 01000000
  Items: 
  FixedChest: []
  missesThresholdPercent: 90
  enemyList:
  - enemyType: 2
    enemySpawnTime: 1
    enemyMustache: 0
    enemyHP: lddurrdu
    enemyDamage: 0
    enemyLane: 0
    enemyMoveSpeed: 0
    explosionDamage: 0
    itemValue: 0
    itemTimeVariation: 0
    Hp: 13
    randomPool: lurd
    itemRandomPool: a
    id: 0
    AbsoluteTime: 1
    flagAlarm: 0
  - enemyType: 3
    enemySpawnTime: 0
    enemyMustache: 0
    enemyHP: ddurrdu
    enemyDamage: 0
    enemyLane: 2
    enemyMoveSpeed: 0
    explosionDamage: 0
    itemValue: 0
    itemTimeVariation: 0
    Hp: 13
    randomPool: lurd
    itemRandomPool: a
    id: 1
    AbsoluteTime: 1
    flagAlarm: 0
  - enemyType: 3
    enemySpawnTime: 0
    enemyMustache: 0
    enemyHP: ddurrdu
    enemyDamage: 0
    enemyLane: 3
    enemyMoveSpeed: 0
    explosionDamage: 0
    itemValue: 0
    itemTimeVariation: 0
    Hp: 13
    randomPool: lurd
    itemRandomPool: a
    id: 2
    AbsoluteTime: 1
    flagAlarm: 0
  - enemyType: 4
    enemySpawnTime: 2.5
    enemyMustache: 0
    enemyHP: 
    enemyDamage: 0
    enemyLane: 1
    enemyMoveSpeed: 0
    explosionDamage: 0
    itemValue: 0
    itemTimeVariation: 0
    Hp: 19
    randomPool: lurd88
    itemRandomPool: a
    id: 3
    AbsoluteTime: 3.5
    flagAlarm: 0
  - enemyType: 0
    enemySpawnTime: 2.1
    enemyMustache: 0
    enemyHP: 
    enemyDamage: 0
    enemyLane: 3
    enemyMoveSpeed: 0
    explosionDamage: 0
    itemValue: 0
    itemTimeVariation: 0
    Hp: 27
    randomPool: lurd
    itemRandomPool: a
    id: 4
    AbsoluteTime: 5.6
    flagAlarm: 0
  - enemyType: 2
    enemySpawnTime: 1.7
    enemyMustache: 0
    enemyHP: 
    enemyDamage: 0
    enemyLane: 0
    enemyMoveSpeed: 0
    explosionDamage: 0
    itemValue: 0
    itemTimeVariation: 0
    Hp: 13
    randomPool: lurd2
    itemRandomPool: a
    id: 5
    AbsoluteTime: 7.3
    flagAlarm: 0
  - enemyType: 2
    enemySpawnTime: 0
    enemyMustache: 0
    enemyHP: 
    enemyDamage: 0
    enemyLane: 2
    enemyMoveSpeed: 0
    explosionDamage: 0
    itemValue: 0
    itemTimeVariation: 0
    Hp: 13
    randomPool: lurd8
    itemRandomPool: a
    id: 6
    AbsoluteTime: 7.3
    flagAlarm: 0
  - enemyType: 42
    enemySpawnTime: 2.2
    enemyMustache: 0
    enemyHP: 
    enemyDamage: 0
    enemyLane: 0
    enemyMoveSpeed: 5
    explosionDamage: 0
    itemValue: 1
    itemTimeVariation: 0
    Hp: 7
    randomPool: lurd
    itemRandomPool: a
    id: 7
    AbsoluteTime: 9.5
    flagAlarm: 0
  - enemyType: 4
    enemySpawnTime: 0.9
    enemyMustache: 0
    enemyHP: 
    enemyDamage: 0
    enemyLane: 1
    enemyMoveSpeed: 4
    explosionDamage: 0
    itemValue: 1
    itemTimeVariation: 0
    Hp: 19
    randomPool: lurd
    itemRandomPool: a
    id: 8
    AbsoluteTime: 10.4
    flagAlarm: 0
  - enemyType: 1
    enemySpawnTime: 4.7
    enemyMustache: 0
    enemyHP: 8**2*2
    enemyDamage: 0
    enemyLane: 0
    enemyMoveSpeed: 4
    explosionDamage: 0
    itemValue: 1
    itemTimeVariation: 0
    Hp: 27
    randomPool: lurd
    itemRandomPool: a
    id: 9
    AbsoluteTime: 15.1
    flagAlarm: 0
  - enemyType: 41
    enemySpawnTime: 1.2
    enemyMustache: 0
    enemyHP: 
    enemyDamage: 0
    enemyLane: 3
    enemyMoveSpeed: 7
    explosionDamage: 0
    itemValue: 2
    itemTimeVariation: 0
    Hp: 18
    randomPool: lurd28
    itemRandomPool: a
    id: 10
    AbsoluteTime: 16.3
    flagAlarm: 0
  - enemyType: 1
    enemySpawnTime: 1.2
    enemyMustache: 0
    enemyHP: 2**2
    enemyDamage: 0
    enemyLane: 3
    enemyMoveSpeed: 6.5
    explosionDamage: 0
    itemValue: 2
    itemTimeVariation: 0
    Hp: 27
    randomPool: lurd
    itemRandomPool: a
    id: 11
    AbsoluteTime: 17.5
    flagAlarm: 0
  - enemyType: 0
    enemySpawnTime: 1.6
    enemyMustache: 0
    enemyHP: 
    enemyDamage: 0
    enemyLane: 0
    enemyMoveSpeed: 6.5
    explosionDamage: 0
    itemValue: 2
    itemTimeVariation: 0
    Hp: 27
    randomPool: lurd
    itemRandomPool: a
    id: 12
    AbsoluteTime: 19.1
    flagAlarm: 0
  - enemyType: 0
    enemySpawnTime: 1.7
    enemyMustache: 0
    enemyHP: '**88*2'
    enemyDamage: 0
    enemyLane: 3
    enemyMoveSpeed: 6.5
    explosionDamage: 0
    itemValue: 2
    itemTimeVariation: 0
    Hp: 27
    randomPool: lurd
    itemRandomPool: a
    id: 13
    AbsoluteTime: 20.8
    flagAlarm: 0
  - enemyType: 8
    enemySpawnTime: 0.6
    enemyMustache: 0
    enemyHP: luu
    enemyDamage: 0
    enemyLane: 1
    enemyMoveSpeed: 6.5
    explosionDamage: 0
    itemValue: 2
    itemTimeVariation: 0
    Hp: 9
    randomPool: lurd
    itemRandomPool: a
    id: 14
    AbsoluteTime: 21.4
    flagAlarm: 0
  - enemyType: 8
    enemySpawnTime: 0
    enemyMustache: 0
    enemyHP: luu
    enemyDamage: 0
    enemyLane: 2
    enemyMoveSpeed: 6.5
    explosionDamage: 0
    itemValue: 2
    itemTimeVariation: 0
    Hp: 9
    randomPool: lurd
    itemRandomPool: a
    id: 15
    AbsoluteTime: 21.4
    flagAlarm: 0
  - enemyType: 1
    enemySpawnTime: 1.4
    enemyMustache: 0
    enemyHP: '**8'
    enemyDamage: 0
    enemyLane: 0
    enemyMoveSpeed: 6.5
    explosionDamage: 0
    itemValue: 2
    itemTimeVariation: 0
    Hp: 27
    randomPool: lurdlurd28
    itemRandomPool: a
    id: 16
    AbsoluteTime: 22.8
    flagAlarm: 0
  - enemyType: 0
    enemySpawnTime: 1.7
    enemyMustache: 0
    enemyHP: 
    enemyDamage: 0
    enemyLane: 3
    enemyMoveSpeed: 6.5
    explosionDamage: 0
    itemValue: 2
    itemTimeVariation: 0
    Hp: 27
    randomPool: lurdlurd28
    itemRandomPool: a
    id: 17
    AbsoluteTime: 24.5
    flagAlarm: 0
  - enemyType: 4
    enemySpawnTime: 3
    enemyMustache: 0
    enemyHP: 
    enemyDamage: 0
    enemyLane: 1
    enemyMoveSpeed: 6.5
    explosionDamage: 0
    itemValue: 2
    itemTimeVariation: 0
    Hp: 19
    randomPool: lurd
    itemRandomPool: a
    id: 18
    AbsoluteTime: 27.5
    flagAlarm: 0
  - enemyType: 4
    enemySpawnTime: 0
    enemyMustache: 0
    enemyHP: 
    enemyDamage: 0
    enemyLane: 2
    enemyMoveSpeed: 6.5
    explosionDamage: 0
    itemValue: 2
    itemTimeVariation: 0
    Hp: 19
    randomPool: lurd8
    itemRandomPool: a
    id: 19
    AbsoluteTime: 27.5
    flagAlarm: 0
  - enemyType: 3
    enemySpawnTime: 3.5
    enemyMustache: 0
    enemyHP: '**2'
    enemyDamage: 0
    enemyLane: 0
    enemyMoveSpeed: 6.5
    explosionDamage: 0
    itemValue: 2
    itemTimeVariation: 0
    Hp: 13
    randomPool: lurd
    itemRandomPool: a
    id: 20
    AbsoluteTime: 31
    flagAlarm: 0
  - enemyType: 3
    enemySpawnTime: 0
    enemyMustache: 0
    enemyHP: 
    enemyDamage: 0
    enemyLane: 3
    enemyMoveSpeed: 6.5
    explosionDamage: 0
    itemValue: 2
    itemTimeVariation: 0
    Hp: 13
    randomPool: lurdlu28
    itemRandomPool: a
    id: 21
    AbsoluteTime: 31
    flagAlarm: 0
  - enemyType: 4
    enemySpawnTime: 9
    enemyMustache: 0
    enemyHP: 
    enemyDamage: 0
    enemyLane: 1
    enemyMoveSpeed: 6.5
    explosionDamage: 0
    itemValue: 2
    itemTimeVariation: 0
    Hp: 19
    randomPool: lurd28
    itemRandomPool: a
    id: 22
    AbsoluteTime: 40
    flagAlarm: 1
  - enemyType: 2
    enemySpawnTime: 0
    enemyMustache: 0
    enemyHP: 
    enemyDamage: 0
    enemyLane: 2
    enemyMoveSpeed: 6.5
    explosionDamage: 0
    itemValue: 2
    itemTimeVariation: 0
    Hp: 13
    randomPool: lurd
    itemRandomPool: a
    id: 23
    AbsoluteTime: 40
    flagAlarm: 0
  - enemyType: 2
    enemySpawnTime: 1.5
    enemyMustache: 0
    enemyHP: 
    enemyDamage: 0
    enemyLane: 3
    enemyMoveSpeed: 6.5
    explosionDamage: 0
    itemValue: 2
    itemTimeVariation: 0
    Hp: 13
    randomPool: lurd22
    itemRandomPool: a
    id: 24
    AbsoluteTime: 41.5
    flagAlarm: 0
  - enemyType: 0
    enemySpawnTime: 1
    enemyMustache: 0
    enemyHP: 
    enemyDamage: 0
    enemyLane: 0
    enemyMoveSpeed: 6.5
    explosionDamage: 0
    itemValue: 2
    itemTimeVariation: 0
    Hp: 27
    randomPool: lurd
    itemRandomPool: a
    id: 25
    AbsoluteTime: 42.5
    flagAlarm: 0
  - enemyType: 4
    enemySpawnTime: 1.2
    enemyMustache: 0
    enemyHP: 
    enemyDamage: 0
    enemyLane: 1
    enemyMoveSpeed: 6.5
    explosionDamage: 0
    itemValue: 2
    itemTimeVariation: 0
    Hp: 19
    randomPool: lurdlr28
    itemRandomPool: a
    id: 26
    AbsoluteTime: 43.7
    flagAlarm: 0
  - enemyType: 2
    enemySpawnTime: 1.2
    enemyMustache: 0
    enemyHP: '*88'
    enemyDamage: 0
    enemyLane: 2
    enemyMoveSpeed: 6.5
    explosionDamage: 0
    itemValue: 2
    itemTimeVariation: 0
    Hp: 13
    randomPool: lurd
    itemRandomPool: a
    id: 27
    AbsoluteTime: 44.9
    flagAlarm: 0
  - enemyType: 1
    enemySpawnTime: 1.2
    enemyMustache: 0
    enemyHP: 
    enemyDamage: 0
    enemyLane: 0
    enemyMoveSpeed: 6.5
    explosionDamage: 0
    itemValue: 2
    itemTimeVariation: 0
    Hp: 27
    randomPool: lurd
    itemRandomPool: a
    id: 28
    AbsoluteTime: 46.1
    flagAlarm: 0
  - enemyType: 0
    enemySpawnTime: 1.2
    enemyMustache: 0
    enemyHP: 
    enemyDamage: 0
    enemyLane: 3
    enemyMoveSpeed: 6.5
    explosionDamage: 0
    itemValue: 2
    itemTimeVariation: 0
    Hp: 27
    randomPool: lurd
    itemRandomPool: a
    id: 29
    AbsoluteTime: 47.3
    flagAlarm: 0
  - enemyType: 4
    enemySpawnTime: 1.2
    enemyMustache: 0
    enemyHP: 
    enemyDamage: 0
    enemyLane: 1
    enemyMoveSpeed: 6.5
    explosionDamage: 0
    itemValue: 2
    itemTimeVariation: 0
    Hp: 19
    randomPool: lurdud28
    itemRandomPool: a
    id: 30
    AbsoluteTime: 48.5
    flagAlarm: 0
  - enemyType: 2
    enemySpawnTime: 1.2
    enemyMustache: 0
    enemyHP: 
    enemyDamage: 0
    enemyLane: 2
    enemyMoveSpeed: 6.5
    explosionDamage: 0
    itemValue: 2
    itemTimeVariation: 0
    Hp: 13
    randomPool: lurd2
    itemRandomPool: a
    id: 31
    AbsoluteTime: 49.7
    flagAlarm: 0
  - enemyType: 4
    enemySpawnTime: 1.8
    enemyMustache: 0
    enemyHP: 
    enemyDamage: 0
    enemyLane: 1
    enemyMoveSpeed: 6.5
    explosionDamage: 0
    itemValue: 2
    itemTimeVariation: 0
    Hp: 19
    randomPool: lurdlurd28
    itemRandomPool: a
    id: 32
    AbsoluteTime: 51.5
    flagAlarm: 0
  - enemyType: 4
    enemySpawnTime: 0
    enemyMustache: 0
    enemyHP: 
    enemyDamage: 0
    enemyLane: 0
    enemyMoveSpeed: 6.5
    explosionDamage: 0
    itemValue: 2
    itemTimeVariation: 0
    Hp: 19
    randomPool: lurdlurd28
    itemRandomPool: a
    id: 33
    AbsoluteTime: 51.5
    flagAlarm: 0
  - enemyType: 44
    enemySpawnTime: 8
    enemyMustache: 0
    enemyHP: 
    enemyDamage: 0
    enemyLane: 1
    enemyMoveSpeed: 6.5
    explosionDamage: 0
    itemValue: 1
    itemTimeVariation: 0
    Hp: 15
    randomPool: lurdlurd28
    itemRandomPool: a
    id: 34
    AbsoluteTime: 59.5
    flagAlarm: 0
  - enemyType: 3
    enemySpawnTime: 2.2
    enemyMustache: 0
    enemyHP: 
    enemyDamage: 0
    enemyLane: 1
    enemyMoveSpeed: 6.5
    explosionDamage: 0
    itemValue: 2
    itemTimeVariation: 0
    Hp: 13
    randomPool: lurdlurd28
    itemRandomPool: a
    id: 35
    AbsoluteTime: 61.7
    flagAlarm: 0
  - enemyType: 3
    enemySpawnTime: 1.3
    enemyMustache: 0
    enemyHP: 
    enemyDamage: 0
    enemyLane: 2
    enemyMoveSpeed: 6.5
    explosionDamage: 0
    itemValue: 2
    itemTimeVariation: 0
    Hp: 13
    randomPool: lurd
    itemRandomPool: a
    id: 36
    AbsoluteTime: 63
    flagAlarm: 0
  - enemyType: 3
    enemySpawnTime: 1.2
    enemyMustache: 0
    enemyHP: 
    enemyDamage: 0
    enemyLane: 3
    enemyMoveSpeed: 6.5
    explosionDamage: 0
    itemValue: 2
    itemTimeVariation: 0
    Hp: 13
    randomPool: lurd28
    itemRandomPool: a
    id: 37
    AbsoluteTime: 64.2
    flagAlarm: 0
  - enemyType: 3
    enemySpawnTime: 1.2
    enemyMustache: 0
    enemyHP: 
    enemyDamage: 0
    enemyLane: 2
    enemyMoveSpeed: 6.5
    explosionDamage: 0
    itemValue: 2
    itemTimeVariation: 0
    Hp: 13
    randomPool: lurd
    itemRandomPool: a
    id: 38
    AbsoluteTime: 65.4
    flagAlarm: 0
  - enemyType: 3
    enemySpawnTime: 1.2
    enemyMustache: 0
    enemyHP: 
    enemyDamage: 0
    enemyLane: 1
    enemyMoveSpeed: 6.5
    explosionDamage: 0
    itemValue: 2
    itemTimeVariation: 0
    Hp: 13
    randomPool: lurd8
    itemRandomPool: a
    id: 39
    AbsoluteTime: 66.6
    flagAlarm: 0
  - enemyType: 4
    enemySpawnTime: 2.5
    enemyMustache: 0
    enemyHP: 2*88
    enemyDamage: 0
    enemyLane: 0
    enemyMoveSpeed: 6.5
    explosionDamage: 0
    itemValue: 2
    itemTimeVariation: 0
    Hp: 19
    randomPool: lurd
    itemRandomPool: a
    id: 40
    AbsoluteTime: 69.1
    flagAlarm: 0
  - enemyType: 4
    enemySpawnTime: 1.3
    enemyMustache: 0
    enemyHP: 
    enemyDamage: 0
    enemyLane: 1
    enemyMoveSpeed: 6.5
    explosionDamage: 0
    itemValue: 2
    itemTimeVariation: 0
    Hp: 19
    randomPool: lurd
    itemRandomPool: a
    id: 41
    AbsoluteTime: 70.4
    flagAlarm: 0
  - enemyType: 4
    enemySpawnTime: 1.3
    enemyMustache: 0
    enemyHP: '*2'
    enemyDamage: 0
    enemyLane: 2
    enemyMoveSpeed: 6.5
    explosionDamage: 0
    itemValue: 2
    itemTimeVariation: 0
    Hp: 19
    randomPool: lurd
    itemRandomPool: a
    id: 42
    AbsoluteTime: 71.7
    flagAlarm: 0
  - enemyType: 4
    enemySpawnTime: 1.4
    enemyMustache: 0
    enemyHP: 
    enemyDamage: 0
    enemyLane: 3
    enemyMoveSpeed: 6.5
    explosionDamage: 0
    itemValue: 2
    itemTimeVariation: 0
    Hp: 19
    randomPool: lurddr28
    itemRandomPool: a
    id: 43
    AbsoluteTime: 73.10001
    flagAlarm: 0
  - enemyType: 4
    enemySpawnTime: 1.3
    enemyMustache: 0
    enemyHP: 
    enemyDamage: 0
    enemyLane: 2
    enemyMoveSpeed: 6.5
    explosionDamage: 0
    itemValue: 2
    itemTimeVariation: 0
    Hp: 19
    randomPool: lurd
    itemRandomPool: a
    id: 44
    AbsoluteTime: 74.40001
    flagAlarm: 0
  - enemyType: 4
    enemySpawnTime: 1.3
    enemyMustache: 0
    enemyHP: 
    enemyDamage: 0
    enemyLane: 1
    enemyMoveSpeed: 6.5
    explosionDamage: 0
    itemValue: 2
    itemTimeVariation: 0
    Hp: 19
    randomPool: lurd
    itemRandomPool: a
    id: 45
    AbsoluteTime: 75.70001
    flagAlarm: 0
  - enemyType: 0
    enemySpawnTime: 1.4
    enemyMustache: 0
    enemyHP: 
    enemyDamage: 0
    enemyLane: 0
    enemyMoveSpeed: 6.5
    explosionDamage: 0
    itemValue: 2
    itemTimeVariation: 0
    Hp: 27
    randomPool: lurd2
    itemRandomPool: a
    id: 46
    AbsoluteTime: 77.10001
    flagAlarm: 0
  - enemyType: 0
    enemySpawnTime: 1.4
    enemyMustache: 0
    enemyHP: 
    enemyDamage: 0
    enemyLane: 1
    enemyMoveSpeed: 6.5
    explosionDamage: 0
    itemValue: 2
    itemTimeVariation: 0
    Hp: 27
    randomPool: lurd
    itemRandomPool: a
    id: 47
    AbsoluteTime: 78.50002
    flagAlarm: 0
  - enemyType: 1
    enemySpawnTime: 1.5
    enemyMustache: 0
    enemyHP: 
    enemyDamage: 0
    enemyLane: 2
    enemyMoveSpeed: 6.5
    explosionDamage: 0
    itemValue: 2
    itemTimeVariation: 0
    Hp: 27
    randomPool: lurlur28
    itemRandomPool: a
    id: 48
    AbsoluteTime: 80.00002
    flagAlarm: 0
  - enemyType: 0
    enemySpawnTime: 1.4
    enemyMustache: 0
    enemyHP: 
    enemyDamage: 0
    enemyLane: 3
    enemyMoveSpeed: 6.5
    explosionDamage: 0
    itemValue: 2
    itemTimeVariation: 0
    Hp: 27
    randomPool: lurd2
    itemRandomPool: a
    id: 49
    AbsoluteTime: 81.40002
    flagAlarm: 0
  - enemyType: 1
    enemySpawnTime: 1.4
    enemyMustache: 0
    enemyHP: 
    enemyDamage: 0
    enemyLane: 2
    enemyMoveSpeed: 6.5
    explosionDamage: 0
    itemValue: 2
    itemTimeVariation: 0
    Hp: 27
    randomPool: lurd8
    itemRandomPool: a
    id: 50
    AbsoluteTime: 82.80002
    flagAlarm: 0
  - enemyType: 45
    enemySpawnTime: 0
    enemyMustache: 0
    enemyHP: 
    enemyDamage: 0
    enemyLane: 1
    enemyMoveSpeed: 8
    explosionDamage: 0
    itemValue: 1
    itemTimeVariation: 0
    Hp: 15
    randomPool: lurd
    itemRandomPool: a
    id: 51
    AbsoluteTime: 82.80002
    flagAlarm: 0
  - enemyType: 0
    enemySpawnTime: 1.4
    enemyMustache: 0
    enemyHP: 
    enemyDamage: 0
    enemyLane: 1
    enemyMoveSpeed: 6.5
    explosionDamage: 0
    itemValue: 2
    itemTimeVariation: 0
    Hp: 27
    randomPool: lurdlurd28
    itemRandomPool: a
    id: 52
    AbsoluteTime: 84.20002
    flagAlarm: 0
  - enemyType: 1
    enemySpawnTime: 1.4
    enemyMustache: 0
    enemyHP: 
    enemyDamage: 0
    enemyLane: 0
    enemyMoveSpeed: 6.5
    explosionDamage: 0
    itemValue: 2
    itemTimeVariation: 0
    Hp: 27
    randomPool: lurlur8
    itemRandomPool: a
    id: 53
    AbsoluteTime: 85.60002
    flagAlarm: 0
  - enemyType: 41
    enemySpawnTime: 8.5
    enemyMustache: 0
    enemyHP: 
    enemyDamage: 0
    enemyLane: 2
    enemyMoveSpeed: 7
    explosionDamage: 0
    itemValue: 2
    itemTimeVariation: 0
    Hp: 15
    randomPool: lurd
    itemRandomPool: a
    id: 54
    AbsoluteTime: 94.10002
    flagAlarm: 0
  - enemyType: 8
    enemySpawnTime: 4
    enemyMustache: 0
    enemyHP: 
    enemyDamage: 0
    enemyLane: 0
    enemyMoveSpeed: 7
    explosionDamage: 0
    itemValue: 2
    itemTimeVariation: 0
    Hp: 9
    randomPool: lurdlurd28
    itemRandomPool: a
    id: 55
    AbsoluteTime: 98.10002
    flagAlarm: 0
  - enemyType: 8
    enemySpawnTime: 0
    enemyMustache: 0
    enemyHP: 
    enemyDamage: 0
    enemyLane: 1
    enemyMoveSpeed: 7
    explosionDamage: 0
    itemValue: 2
    itemTimeVariation: 0
    Hp: 9
    randomPool: lurd2
    itemRandomPool: a
    id: 56
    AbsoluteTime: 98.10002
    flagAlarm: 0
  - enemyType: 8
    enemySpawnTime: 0
    enemyMustache: 0
    enemyHP: 
    enemyDamage: 0
    enemyLane: 2
    enemyMoveSpeed: 7
    explosionDamage: 0
    itemValue: 2
    itemTimeVariation: 0
    Hp: 9
    randomPool: lurd8
    itemRandomPool: a
    id: 57
    AbsoluteTime: 98.10002
    flagAlarm: 0
  - enemyType: 8
    enemySpawnTime: 0
    enemyMustache: 0
    enemyHP: 
    enemyDamage: 0
    enemyLane: 3
    enemyMoveSpeed: 7
    explosionDamage: 0
    itemValue: 2
    itemTimeVariation: 0
    Hp: 9
    randomPool: lurd
    itemRandomPool: a
    id: 58
    AbsoluteTime: 98.10002
    flagAlarm: 0
  - enemyType: 10
    enemySpawnTime: 4
    enemyMustache: 0
    enemyHP: 
    enemyDamage: 0
    enemyLane: 0
    enemyMoveSpeed: 7
    explosionDamage: 0
    itemValue: 2
    itemTimeVariation: 0
    Hp: 9
    randomPool: lurd2288
    itemRandomPool: a
    id: 59
    AbsoluteTime: 102.1
    flagAlarm: 0
  - enemyType: 10
    enemySpawnTime: 0
    enemyMustache: 0
    enemyHP: 
    enemyDamage: 0
    enemyLane: 1
    enemyMoveSpeed: 7
    explosionDamage: 0
    itemValue: 2
    itemTimeVariation: 0
    Hp: 9
    randomPool: lurd2288
    itemRandomPool: a
    id: 60
    AbsoluteTime: 102.1
    flagAlarm: 0
  - enemyType: 10
    enemySpawnTime: 0
    enemyMustache: 0
    enemyHP: 
    enemyDamage: 0
    enemyLane: 2
    enemyMoveSpeed: 7
    explosionDamage: 0
    itemValue: 2
    itemTimeVariation: 0
    Hp: 9
    randomPool: lurd2288
    itemRandomPool: a
    id: 61
    AbsoluteTime: 102.1
    flagAlarm: 0
  - enemyType: 10
    enemySpawnTime: 0
    enemyMustache: 0
    enemyHP: 
    enemyDamage: 0
    enemyLane: 3
    enemyMoveSpeed: 7
    explosionDamage: 0
    itemValue: 2
    itemTimeVariation: 0
    Hp: 9
    randomPool: lurd2288
    itemRandomPool: a
    id: 62
    AbsoluteTime: 102.1
    flagAlarm: 0
  - enemyType: 0
    enemySpawnTime: 5
    enemyMustache: 0
    enemyHP: 
    enemyDamage: 0
    enemyLane: 0
    enemyMoveSpeed: 7
    explosionDamage: 0
    itemValue: 2
    itemTimeVariation: 0
    Hp: 27
    randomPool: lurd
    itemRandomPool: a
    id: 63
    AbsoluteTime: 107.1
    flagAlarm: 0
  - enemyType: 1
    enemySpawnTime: 5
    enemyMustache: 0
    enemyHP: 
    enemyDamage: 0
    enemyLane: 3
    enemyMoveSpeed: 7
    explosionDamage: 0
    itemValue: 2
    itemTimeVariation: 0
    Hp: 27
    randomPool: lurd28
    itemRandomPool: a
    id: 64
    AbsoluteTime: 112.1
    flagAlarm: 0
  - enemyType: 0
    enemySpawnTime: 5
    enemyMustache: 0
    enemyHP: 
    enemyDamage: 0
    enemyLane: 1
    enemyMoveSpeed: 7
    explosionDamage: 0
    itemValue: 2
    itemTimeVariation: 0
    Hp: 27
    randomPool: lurd
    itemRandomPool: a
    id: 65
    AbsoluteTime: 117.1
    flagAlarm: 0
  - enemyType: 2
    enemySpawnTime: 0
    enemyMustache: 0
    enemyHP: 
    enemyDamage: 0
    enemyLane: 2
    enemyMoveSpeed: 7
    explosionDamage: 0
    itemValue: 2
    itemTimeVariation: 0
    Hp: 13
    randomPool: lurd2
    itemRandomPool: a
    id: 66
    AbsoluteTime: 117.1
    flagAlarm: 0
  - enemyType: 43
    enemySpawnTime: 5
    enemyMustache: 0
    enemyHP: 
    enemyDamage: 0
    enemyLane: 2
    enemyMoveSpeed: 7
    explosionDamage: 0
    itemValue: 1
    itemTimeVariation: 0
    Hp: 15
    randomPool: lurd
    itemRandomPool: a
    id: 67
    AbsoluteTime: 122.1
    flagAlarm: 0
  - enemyType: 4
    enemySpawnTime: 4
    enemyMustache: 0
    enemyHP: 
    enemyDamage: 0
    enemyLane: 0
    enemyMoveSpeed: 7
    explosionDamage: 0
    itemValue: 1
    itemTimeVariation: 0
    Hp: 19
    randomPool: lurd8
    itemRandomPool: a
    id: 68
    AbsoluteTime: 126.1
    flagAlarm: 0
  - enemyType: 3
    enemySpawnTime: 0
    enemyMustache: 0
    enemyHP: 
    enemyDamage: 0
    enemyLane: 1
    enemyMoveSpeed: 7
    explosionDamage: 0
    itemValue: 1
    itemTimeVariation: 0
    Hp: 13
    randomPool: lurd
    itemRandomPool: a
    id: 69
    AbsoluteTime: 126.1
    flagAlarm: 0
  - enemyType: 0
    enemySpawnTime: 10
    enemyMustache: 0
    enemyHP: 
    enemyDamage: 0
    enemyLane: 0
    enemyMoveSpeed: 7
    explosionDamage: 0
    itemValue: 1
    itemTimeVariation: 0
    Hp: 27
    randomPool: lurd8
    itemRandomPool: a
    id: 70
    AbsoluteTime: 136.1
    flagAlarm: 1
  - enemyType: 2
    enemySpawnTime: 1
    enemyMustache: 0
    enemyHP: 
    enemyDamage: 0
    enemyLane: 1
    enemyMoveSpeed: 7
    explosionDamage: 0
    itemValue: 1
    itemTimeVariation: 0
    Hp: 13
    randomPool: lurd
    itemRandomPool: a
    id: 71
    AbsoluteTime: 137.1
    flagAlarm: 0
  - enemyType: 3
    enemySpawnTime: 0
    enemyMustache: 0
    enemyHP: 
    enemyDamage: 0
    enemyLane: 2
    enemyMoveSpeed: 7
    explosionDamage: 0
    itemValue: 1
    itemTimeVariation: 0
    Hp: 13
    randomPool: lurd
    itemRandomPool: a
    id: 72
    AbsoluteTime: 137.1
    flagAlarm: 0
  - enemyType: 2
    enemySpawnTime: 2
    enemyMustache: 0
    enemyHP: 
    enemyDamage: 0
    enemyLane: 3
    enemyMoveSpeed: 7
    explosionDamage: 0
    itemValue: 1
    itemTimeVariation: 0
    Hp: 13
    randomPool: lurd8
    itemRandomPool: a
    id: 73
    AbsoluteTime: 139.1
    flagAlarm: 0
  - enemyType: 4
    enemySpawnTime: 1.5
    enemyMustache: 0
    enemyHP: 
    enemyDamage: 0
    enemyLane: 1
    enemyMoveSpeed: 7
    explosionDamage: 0
    itemValue: 1
    itemTimeVariation: 0
    Hp: 19
    randomPool: lurd
    itemRandomPool: a
    id: 74
    AbsoluteTime: 140.6
    flagAlarm: 0
  - enemyType: 4
    enemySpawnTime: 0
    enemyMustache: 0
    enemyHP: 
    enemyDamage: 0
    enemyLane: 2
    enemyMoveSpeed: 7
    explosionDamage: 0
    itemValue: 1
    itemTimeVariation: 0
    Hp: 19
    randomPool: lurd2
    itemRandomPool: a
    id: 75
    AbsoluteTime: 140.6
    flagAlarm: 0
  - enemyType: 2
    enemySpawnTime: 1.8
    enemyMustache: 0
    enemyHP: 
    enemyDamage: 0
    enemyLane: 3
    enemyMoveSpeed: 7
    explosionDamage: 0
    itemValue: 1
    itemTimeVariation: 0
    Hp: 13
    randomPool: lurdlurd28
    itemRandomPool: a
    id: 76
    AbsoluteTime: 142.4
    flagAlarm: 0
  - enemyType: 42
    enemySpawnTime: 1.8
    enemyMustache: 0
    enemyHP: 
    enemyDamage: 0
    enemyLane: 3
    enemyMoveSpeed: 5
    explosionDamage: 0
    itemValue: 1
    itemTimeVariation: 0
    Hp: 4
    randomPool: lu28
    itemRandomPool: a
    id: 77
    AbsoluteTime: 144.2
    flagAlarm: 0
  - enemyType: 0
    enemySpawnTime: 1.4
    enemyMustache: 0
    enemyHP: 
    enemyDamage: 0
    enemyLane: 0
    enemyMoveSpeed: 7
    explosionDamage: 0
    itemValue: 1
    itemTimeVariation: 0
    Hp: 27
    randomPool: lurd28
    itemRandomPool: a
    id: 78
    AbsoluteTime: 145.6
    flagAlarm: 0
  - enemyType: 0
    enemySpawnTime: 1.4
    enemyMustache: 0
    enemyHP: 
    enemyDamage: 0
    enemyLane: 1
    enemyMoveSpeed: 7
    explosionDamage: 0
    itemValue: 1
    itemTimeVariation: 0
    Hp: 27
    randomPool: lurd8
    itemRandomPool: a
    id: 79
    AbsoluteTime: 147
    flagAlarm: 0
  - enemyType: 1
    enemySpawnTime: 1.4
    enemyMustache: 0
    enemyHP: 
    enemyDamage: 0
    enemyLane: 2
    enemyMoveSpeed: 7
    explosionDamage: 0
    itemValue: 1
    itemTimeVariation: 0
    Hp: 27
    randomPool: lurd2
    itemRandomPool: a
    id: 80
    AbsoluteTime: 148.4
    flagAlarm: 0
  - enemyType: 40
    enemySpawnTime: 2
    enemyMustache: 0
    enemyHP: 
    enemyDamage: 0
    enemyLane: 0
    enemyMoveSpeed: 7
    explosionDamage: 0
    itemValue: 2
    itemTimeVariation: 0
    Hp: 15
    randomPool: lurd28
    itemRandomPool: a
    id: 81
    AbsoluteTime: 150.4
    flagAlarm: 0
  - enemyType: 2
    enemySpawnTime: 10
    enemyMustache: 0
    enemyHP: lllllllll
    enemyDamage: 0
    enemyLane: 0
    enemyMoveSpeed: 7
    explosionDamage: 0
    itemValue: 1
    itemTimeVariation: 0
    Hp: 13
    randomPool: lurd
    itemRandomPool: a
    id: 82
    AbsoluteTime: 160.4
    flagAlarm: 0
  - enemyType: 2
    enemySpawnTime: 0
    enemyMustache: 0
    enemyHP: rrrrrrrr
    enemyDamage: 0
    enemyLane: 3
    enemyMoveSpeed: 7
    explosionDamage: 0
    itemValue: 1
    itemTimeVariation: 0
    Hp: 13
    randomPool: lurd
    itemRandomPool: a
    id: 83
    AbsoluteTime: 160.4
    flagAlarm: 0
  - enemyType: 10
    enemySpawnTime: 3
    enemyMustache: 0
    enemyHP: 2lud
    enemyDamage: 0
    enemyLane: 1
    enemyMoveSpeed: 7
    explosionDamage: 0
    itemValue: 1
    itemTimeVariation: 0
    Hp: 9
    randomPool: lurd
    itemRandomPool: a
    id: 84
    AbsoluteTime: 163.4
    flagAlarm: 0
  - enemyType: 10
    enemySpawnTime: 3
    enemyMustache: 0
    enemyHP: 8l8u
    enemyDamage: 0
    enemyLane: 2
    enemyMoveSpeed: 7
    explosionDamage: 0
    itemValue: 1
    itemTimeVariation: 0
    Hp: 9
    randomPool: lurd
    itemRandomPool: a
    id: 85
    AbsoluteTime: 166.4
    flagAlarm: 0
  - enemyType: 0
    enemySpawnTime: 4
    enemyMustache: 0
    enemyHP: udrrldudrr
    enemyDamage: 0
    enemyLane: 0
    enemyMoveSpeed: 7
    explosionDamage: 0
    itemValue: 1
    itemTimeVariation: 0
    Hp: 27
    randomPool: lurd
    itemRandomPool: a
    id: 86
    AbsoluteTime: 170.4
    flagAlarm: 0
  - enemyType: 4
    enemySpawnTime: 0
    enemyMustache: 0
    enemyHP: drrldudrr
    enemyDamage: 0
    enemyLane: 1
    enemyMoveSpeed: 7
    explosionDamage: 0
    itemValue: 1
    itemTimeVariation: 0
    Hp: 19
    randomPool: lurd
    itemRandomPool: a
    id: 87
    AbsoluteTime: 170.4
    flagAlarm: 0
  - enemyType: 2
    enemySpawnTime: 0
    enemyMustache: 0
    enemyHP: rrldudrr
    enemyDamage: 0
    enemyLane: 2
    enemyMoveSpeed: 7
    explosionDamage: 0
    itemValue: 1
    itemTimeVariation: 0
    Hp: 13
    randomPool: lurd
    itemRandomPool: a
    id: 88
    AbsoluteTime: 170.4
    flagAlarm: 0
  - enemyType: 8
    enemySpawnTime: 0
    enemyMustache: 0
    enemyHP: rldudrr
    enemyDamage: 0
    enemyLane: 3
    enemyMoveSpeed: 7
    explosionDamage: 0
    itemValue: 1
    itemTimeVariation: 0
    Hp: 9
    randomPool: lurd
    itemRandomPool: a
    id: 89
    AbsoluteTime: 170.4
    flagAlarm: 0
  - enemyType: 41
    enemySpawnTime: 6.5
    enemyMustache: 0
    enemyHP: 
    enemyDamage: 0
    enemyLane: 0
    enemyMoveSpeed: 7
    explosionDamage: 0
    itemValue: 2
    itemTimeVariation: 0
    Hp: 15
    randomPool: lurd
    itemRandomPool: a
    id: 90
    AbsoluteTime: 176.9
    flagAlarm: 0
  - enemyType: 4
    enemySpawnTime: 2.5
    enemyMustache: 0
    enemyHP: 
    enemyDamage: 0
    enemyLane: 3
    enemyMoveSpeed: 7
    explosionDamage: 0
    itemValue: 1
    itemTimeVariation: 0
    Hp: 19
    randomPool: lurd2
    itemRandomPool: a
    id: 91
    AbsoluteTime: 179.4
    flagAlarm: 0
  - enemyType: 4
    enemySpawnTime: 0
    enemyMustache: 0
    enemyHP: 
    enemyDamage: 0
    enemyLane: 2
    enemyMoveSpeed: 7
    explosionDamage: 0
    itemValue: 1
    itemTimeVariation: 0
    Hp: 19
    randomPool: lurdd28
    itemRandomPool: a
    id: 92
    AbsoluteTime: 179.4
    flagAlarm: 0
  - enemyType: 4
    enemySpawnTime: 0
    enemyMustache: 0
    enemyHP: '**28'
    enemyDamage: 0
    enemyLane: 1
    enemyMoveSpeed: 7
    explosionDamage: 0
    itemValue: 1
    itemTimeVariation: 0
    Hp: 19
    randomPool: lurd
    itemRandomPool: a
    id: 93
    AbsoluteTime: 179.4
    flagAlarm: 0
  - enemyType: 4
    enemySpawnTime: 2.5
    enemyMustache: 0
    enemyHP: 22**2
    enemyDamage: 0
    enemyLane: 0
    enemyMoveSpeed: 7
    explosionDamage: 0
    itemValue: 1
    itemTimeVariation: 0
    Hp: 19
    randomPool: lurd
    itemRandomPool: a
    id: 94
    AbsoluteTime: 181.9
    flagAlarm: 0
  - enemyType: 4
    enemySpawnTime: 0
    enemyMustache: 0
    enemyHP: 
    enemyDamage: 0
    enemyLane: 1
    enemyMoveSpeed: 7
    explosionDamage: 0
    itemValue: 1
    itemTimeVariation: 0
    Hp: 19
    randomPool: lurd28
    itemRandomPool: a
    id: 95
    AbsoluteTime: 181.9
    flagAlarm: 0
  - enemyType: 4
    enemySpawnTime: 0
    enemyMustache: 0
    enemyHP: 
    enemyDamage: 0
    enemyLane: 2
    enemyMoveSpeed: 7
    explosionDamage: 0
    itemValue: 1
    itemTimeVariation: 0
    Hp: 19
    randomPool: lurd2
    itemRandomPool: a
    id: 96
    AbsoluteTime: 181.9
    flagAlarm: 0
  - enemyType: 4
    enemySpawnTime: 2.5
    enemyMustache: 0
    enemyHP: 
    enemyDamage: 0
    enemyLane: 3
    enemyMoveSpeed: 7
    explosionDamage: 0
    itemValue: 1
    itemTimeVariation: 0
    Hp: 19
    randomPool: lurdu28
    itemRandomPool: a
    id: 97
    AbsoluteTime: 184.4
    flagAlarm: 0
  - enemyType: 4
    enemySpawnTime: 0
    enemyMustache: 0
    enemyHP: 8**2
    enemyDamage: 0
    enemyLane: 2
    enemyMoveSpeed: 7
    explosionDamage: 0
    itemValue: 1
    itemTimeVariation: 0
    Hp: 19
    randomPool: lurd
    itemRandomPool: a
    id: 98
    AbsoluteTime: 184.4
    flagAlarm: 0
  - enemyType: 4
    enemySpawnTime: 0
    enemyMustache: 0
    enemyHP: 
    enemyDamage: 0
    enemyLane: 1
    enemyMoveSpeed: 7
    explosionDamage: 0
    itemValue: 1
    itemTimeVariation: 0
    Hp: 19
    randomPool: lurd8
    itemRandomPool: a
    id: 99
    AbsoluteTime: 184.4
    flagAlarm: 0
  - enemyType: 0
    enemySpawnTime: 5
    enemyMustache: 0
    enemyHP: 
    enemyDamage: 0
    enemyLane: 0
    enemyMoveSpeed: 7
    explosionDamage: 0
    itemValue: 1
    itemTimeVariation: 0
    Hp: 27
    randomPool: lurdr28
    itemRandomPool: a
    id: 100
    AbsoluteTime: 189.4
    flagAlarm: 0
  - enemyType: 0
    enemySpawnTime: 2
    enemyMustache: 0
    enemyHP: 
    enemyDamage: 0
    enemyLane: 2
    enemyMoveSpeed: 7
    explosionDamage: 0
    itemValue: 1
    itemTimeVariation: 0
    Hp: 27
    randomPool: lurdu28
    itemRandomPool: a
    id: 101
    AbsoluteTime: 191.4
    flagAlarm: 0
  - enemyType: 1
    enemySpawnTime: 2
    enemyMustache: 0
    enemyHP: 
    enemyDamage: 0
    enemyLane: 0
    enemyMoveSpeed: 7
    explosionDamage: 0
    itemValue: 1
    itemTimeVariation: 0
    Hp: 27
    randomPool: lurdl28
    itemRandomPool: a
    id: 102
    AbsoluteTime: 193.4
    flagAlarm: 0
  - enemyType: 8
    enemySpawnTime: 1
    enemyMustache: 0
    enemyHP: 
    enemyDamage: 0
    enemyLane: 1
    enemyMoveSpeed: 7
    explosionDamage: 0
    itemValue: 1
    itemTimeVariation: 0
    Hp: 9
    randomPool: ud28
    itemRandomPool: a
    id: 103
    AbsoluteTime: 194.4
    flagAlarm: 0
  - enemyType: 0
    enemySpawnTime: 1.2
    enemyMustache: 0
    enemyHP: '*2*8*2'
    enemyDamage: 0
    enemyLane: 2
    enemyMoveSpeed: 7
    explosionDamage: 0
    itemValue: 1
    itemTimeVariation: 0
    Hp: 27
    randomPool: lurd
    itemRandomPool: a
    id: 104
    AbsoluteTime: 195.6
    flagAlarm: 0
  - enemyType: 0
    enemySpawnTime: 2
    enemyMustache: 0
    enemyHP: 
    enemyDamage: 0
    enemyLane: 0
    enemyMoveSpeed: 7
    explosionDamage: 0
    itemValue: 1
    itemTimeVariation: 0
    Hp: 27
    randomPool: lurdud28
    itemRandomPool: a
    id: 105
    AbsoluteTime: 197.6
    flagAlarm: 0
  - enemyType: 0
    enemySpawnTime: 2
    enemyMustache: 0
    enemyHP: 
    enemyDamage: 0
    enemyLane: 2
    enemyMoveSpeed: 7
    explosionDamage: 0
    itemValue: 1
    itemTimeVariation: 0
    Hp: 27
    randomPool: lurd2
    itemRandomPool: a
    id: 106
    AbsoluteTime: 199.6
    flagAlarm: 0
  - enemyType: 10
    enemySpawnTime: 0.8
    enemyMustache: 0
    enemyHP: 
    enemyDamage: 0
    enemyLane: 3
    enemyMoveSpeed: 7
    explosionDamage: 0
    itemValue: 1
    itemTimeVariation: 0
    Hp: 9
    randomPool: lr28
    itemRandomPool: a
    id: 107
    AbsoluteTime: 200.4
    flagAlarm: 0
  - enemyType: 0
    enemySpawnTime: 1.2
    enemyMustache: 0
    enemyHP: 
    enemyDamage: 0
    enemyLane: 0
    enemyMoveSpeed: 7
    explosionDamage: 0
    itemValue: 1
    itemTimeVariation: 0
    Hp: 27
    randomPool: lurd8
    itemRandomPool: a
    id: 108
    AbsoluteTime: 201.6
    flagAlarm: 0
  - enemyType: 1
    enemySpawnTime: 2
    enemyMustache: 0
    enemyHP: '*28*8'
    enemyDamage: 0
    enemyLane: 2
    enemyMoveSpeed: 7
    explosionDamage: 0
    itemValue: 1
    itemTimeVariation: 0
    Hp: 27
    randomPool: lurd
    itemRandomPool: a
    id: 109
    AbsoluteTime: 203.6
    flagAlarm: 0
  - enemyType: 1
    enemySpawnTime: 2
    enemyMustache: 0
    enemyHP: 
    enemyDamage: 0
    enemyLane: 0
    enemyMoveSpeed: 7
    explosionDamage: 0
    itemValue: 1
    itemTimeVariation: 0
    Hp: 27
    randomPool: lurdlu28
    itemRandomPool: a
    id: 110
    AbsoluteTime: 205.6
    flagAlarm: 0
  - enemyType: 0
    enemySpawnTime: 2
    enemyMustache: 0
    enemyHP: 
    enemyDamage: 0
    enemyLane: 2
    enemyMoveSpeed: 7
    explosionDamage: 0
    itemValue: 1
    itemTimeVariation: 0
    Hp: 27
    randomPool: lurdlurd28
    itemRandomPool: a
    id: 111
    AbsoluteTime: 207.6
    flagAlarm: 0
  - enemyType: 10
    enemySpawnTime: 0.8
    enemyMustache: 0
    enemyHP: 
    enemyDamage: 0
    enemyLane: 1
    enemyMoveSpeed: 7
    explosionDamage: 0
    itemValue: 1
    itemTimeVariation: 0
    Hp: 9
    randomPool: 28
    itemRandomPool: a
    id: 112
    AbsoluteTime: 208.4
    flagAlarm: 0
  - enemyType: 0
    enemySpawnTime: 1.2
    enemyMustache: 0
    enemyHP: 
    enemyDamage: 0
    enemyLane: 0
    enemyMoveSpeed: 7
    explosionDamage: 0
    itemValue: 1
    itemTimeVariation: 0
    Hp: 27
    randomPool: lurdlurd28
    itemRandomPool: a
    id: 113
    AbsoluteTime: 209.6
    flagAlarm: 0
  - enemyType: 43
    enemySpawnTime: 10
    enemyMustache: 0
    enemyHP: 
    enemyDamage: 0
    enemyLane: 0
    enemyMoveSpeed: 7
    explosionDamage: 0
    itemValue: 2
    itemTimeVariation: 0
    Hp: 15
    randomPool: lurd
    itemRandomPool: a
    id: 114
    AbsoluteTime: 219.6
    flagAlarm: 0
  - enemyType: 40
    enemySpawnTime: 1.5
    enemyMustache: 0
    enemyHP: 
    enemyDamage: 0
    enemyLane: 3
    enemyMoveSpeed: 7
    explosionDamage: 0
    itemValue: 1
    itemTimeVariation: 0
    Hp: 15
    randomPool: lurd
    itemRandomPool: a
    id: 115
    AbsoluteTime: 221.1
    flagAlarm: 0
  - enemyType: 4
    enemySpawnTime: 8
    enemyMustache: 0
    enemyHP: 
    enemyDamage: 0
    enemyLane: 0
    enemyMoveSpeed: 7
    explosionDamage: 0
    itemValue: 2
    itemTimeVariation: 0
    Hp: 19
    randomPool: lurd8
    itemRandomPool: a
    id: 116
    AbsoluteTime: 229.1
    flagAlarm: 1
  - enemyType: 4
    enemySpawnTime: 0
    enemyMustache: 0
    enemyHP: 
    enemyDamage: 0
    enemyLane: 1
    enemyMoveSpeed: 7
    explosionDamage: 0
    itemValue: 2
    itemTimeVariation: 0
    Hp: 19
    randomPool: lurd2
    itemRandomPool: a
    id: 117
    AbsoluteTime: 229.1
    flagAlarm: 0
  - enemyType: 4
    enemySpawnTime: 0
    enemyMustache: 0
    enemyHP: 
    enemyDamage: 0
    enemyLane: 3
    enemyMoveSpeed: 7
    explosionDamage: 0
    itemValue: 2
    itemTimeVariation: 0
    Hp: 19
    randomPool: lurd
    itemRandomPool: a
    id: 118
    AbsoluteTime: 229.1
    flagAlarm: 0
  - enemyType: 8
    enemySpawnTime: 1.6
    enemyMustache: 0
    enemyHP: 
    enemyDamage: 0
    enemyLane: 2
    enemyMoveSpeed: 7
    explosionDamage: 0
    itemValue: 2
    itemTimeVariation: 0
    Hp: 9
    randomPool: lurd2
    itemRandomPool: a
    id: 119
    AbsoluteTime: 230.7
    flagAlarm: 0
  - enemyType: 0
    enemySpawnTime: 1.4
    enemyMustache: 0
    enemyHP: 
    enemyDamage: 0
    enemyLane: 0
    enemyMoveSpeed: 7
    explosionDamage: 0
    itemValue: 2
    itemTimeVariation: 0
    Hp: 27
    randomPool: lurd
    itemRandomPool: a
    id: 120
    AbsoluteTime: 232.1
    flagAlarm: 0
  - enemyType: 1
    enemySpawnTime: 1.4
    enemyMustache: 0
    enemyHP: 2**82
    enemyDamage: 0
    enemyLane: 3
    enemyMoveSpeed: 7
    explosionDamage: 0
    itemValue: 2
    itemTimeVariation: 0
    Hp: 27
    randomPool: lurd
    itemRandomPool: a
    id: 121
    AbsoluteTime: 233.5
    flagAlarm: 0
  - enemyType: 8
    enemySpawnTime: 1.2
    enemyMustache: 0
    enemyHP: 
    enemyDamage: 0
    enemyLane: 2
    enemyMoveSpeed: 7
    explosionDamage: 0
    itemValue: 2
    itemTimeVariation: 0
    Hp: 9
    randomPool: lurd28
    itemRandomPool: a
    id: 122
    AbsoluteTime: 234.7
    flagAlarm: 0
  - enemyType: 2
    enemySpawnTime: 1.6
    enemyMustache: 0
    enemyHP: 
    enemyDamage: 0
    enemyLane: 1
    enemyMoveSpeed: 7
    explosionDamage: 0
    itemValue: 2
    itemTimeVariation: 0
    Hp: 13
    randomPool: lurd8
    itemRandomPool: a
    id: 123
    AbsoluteTime: 236.3
    flagAlarm: 0
  - enemyType: 42
    enemySpawnTime: 1.2
    enemyMustache: 0
    enemyHP: 
    enemyDamage: 0
    enemyLane: 0
    enemyMoveSpeed: 7
    explosionDamage: 0
    itemValue: 1
    itemTimeVariation: 0
    Hp: 7
    randomPool: lurd2
    itemRandomPool: a
    id: 124
    AbsoluteTime: 237.5
    flagAlarm: 0
  - enemyType: 41
    enemySpawnTime: 0
    enemyMustache: 0
    enemyHP: 
    enemyDamage: 0
    enemyLane: 3
    enemyMoveSpeed: 7.5
    explosionDamage: 0
    itemValue: 1
    itemTimeVariation: 0
    Hp: 18
    randomPool: lurd282
    itemRandomPool: a
    id: 125
    AbsoluteTime: 237.5
    flagAlarm: 0
  - enemyType: 0
    enemySpawnTime: 1.4
    enemyMustache: 0
    enemyHP: 2**8
    enemyDamage: 0
    enemyLane: 0
    enemyMoveSpeed: 7
    explosionDamage: 0
    itemValue: 1
    itemTimeVariation: 0
    Hp: 27
    randomPool: lurd
    itemRandomPool: a
    id: 126
    AbsoluteTime: 238.9
    flagAlarm: 0
  - enemyType: 1
    enemySpawnTime: 0
    enemyMustache: 0
    enemyHP: '**8'
    enemyDamage: 0
    enemyLane: 3
    enemyMoveSpeed: 7
    explosionDamage: 0
    itemValue: 1
    itemTimeVariation: 0
    Hp: 27
    randomPool: lurd
    itemRandomPool: a
    id: 127
    AbsoluteTime: 238.9
    flagAlarm: 0
  - enemyType: 8
    enemySpawnTime: 2
    enemyMustache: 0
    enemyHP: 
    enemyDamage: 0
    enemyLane: 2
    enemyMoveSpeed: 7
    explosionDamage: 0
    itemValue: 1
    itemTimeVariation: 0
    Hp: 9
    randomPool: lurd28
    itemRandomPool: a
    id: 128
    AbsoluteTime: 240.9
    flagAlarm: 0
  - enemyType: 4
    enemySpawnTime: 1.5
    enemyMustache: 0
    enemyHP: 
    enemyDamage: 0
    enemyLane: 1
    enemyMoveSpeed: 7
    explosionDamage: 0
    itemValue: 1
    itemTimeVariation: 0
    Hp: 19
    randomPool: lurdlr28
    itemRandomPool: a
    id: 129
    AbsoluteTime: 242.4
    flagAlarm: 0
  - enemyType: 4
    enemySpawnTime: 0
    enemyMustache: 0
    enemyHP: 
    enemyDamage: 0
    enemyLane: 2
    enemyMoveSpeed: 7
    explosionDamage: 0
    itemValue: 1
    itemTimeVariation: 0
    Hp: 19
    randomPool: lurdlr28
    itemRandomPool: a
    id: 130
    AbsoluteTime: 242.4
    flagAlarm: 0
  - enemyType: 0
    enemySpawnTime: 2
    enemyMustache: 0
    enemyHP: 2
    enemyDamage: 0
    enemyLane: 0
    enemyMoveSpeed: 7
    explosionDamage: 0
    itemValue: 1
    itemTimeVariation: 0
    Hp: 27
    randomPool: lurd
    itemRandomPool: a
    id: 131
    AbsoluteTime: 244.4
    flagAlarm: 0
  - enemyType: 0
    enemySpawnTime: 0
    enemyMustache: 0
    enemyHP: 
    enemyDamage: 0
    enemyLane: 3
    enemyMoveSpeed: 7
    explosionDamage: 0
    itemValue: 1
    itemTimeVariation: 0
    Hp: 27
    randomPool: lurd8
    itemRandomPool: a
    id: 132
    AbsoluteTime: 244.4
    flagAlarm: 0
  - enemyType: 4
    enemySpawnTime: 2.2
    enemyMustache: 0
    enemyHP: 
    enemyDamage: 0
    enemyLane: 1
    enemyMoveSpeed: 7
    explosionDamage: 0
    itemValue: 1
    itemTimeVariation: 0
    Hp: 19
    randomPool: lurdlr28
    itemRandomPool: a
    id: 133
    AbsoluteTime: 246.6
    flagAlarm: 0
  - enemyType: 4
    enemySpawnTime: 0
    enemyMustache: 0
    enemyHP: 
    enemyDamage: 0
    enemyLane: 2
    enemyMoveSpeed: 7
    explosionDamage: 0
    itemValue: 1
    itemTimeVariation: 0
    Hp: 19
    randomPool: lurdr28
    itemRandomPool: a
    id: 134
    AbsoluteTime: 246.6
    flagAlarm: 0
  - enemyType: 4
    enemySpawnTime: 12
    enemyMustache: 0
    enemyHP: 
    enemyDamage: 0
    enemyLane: 2
    enemyMoveSpeed: 7
    explosionDamage: 0
    itemValue: 1
    itemTimeVariation: 0
    Hp: 19
    randomPool: lurdud28
    itemRandomPool: a
    id: 135
    AbsoluteTime: 258.6
    flagAlarm: 1
  - enemyType: 4
    enemySpawnTime: 1
    enemyMustache: 0
    enemyHP: 
    enemyDamage: 0
    enemyLane: 1
    enemyMoveSpeed: 7
    explosionDamage: 0
    itemValue: 1
    itemTimeVariation: 0
    Hp: 19
    randomPool: lurdud28
    itemRandomPool: a
    id: 136
    AbsoluteTime: 259.6
    flagAlarm: 0
  - enemyType: 4
    enemySpawnTime: 1
    enemyMustache: 0
    enemyHP: 
    enemyDamage: 0
    enemyLane: 3
    enemyMoveSpeed: 7
    explosionDamage: 0
    itemValue: 1
    itemTimeVariation: 0
    Hp: 19
    randomPool: lurdud28
    itemRandomPool: a
    id: 137
    AbsoluteTime: 260.6
    flagAlarm: 0
  - enemyType: 4
    enemySpawnTime: 1
    enemyMustache: 0
    enemyHP: 
    enemyDamage: 0
    enemyLane: 0
    enemyMoveSpeed: 7
    explosionDamage: 0
    itemValue: 1
    itemTimeVariation: 0
    Hp: 19
    randomPool: lurdud28
    itemRandomPool: a
    id: 138
    AbsoluteTime: 261.6
    flagAlarm: 0
  - enemyType: 4
    enemySpawnTime: 1
    enemyMustache: 0
    enemyHP: 
    enemyDamage: 0
    enemyLane: 2
    enemyMoveSpeed: 7
    explosionDamage: 0
    itemValue: 1
    itemTimeVariation: 0
    Hp: 19
    randomPool: lurdud28
    itemRandomPool: a
    id: 139
    AbsoluteTime: 262.6
    flagAlarm: 0
  - enemyType: 4
    enemySpawnTime: 1
    enemyMustache: 0
    enemyHP: 
    enemyDamage: 0
    enemyLane: 1
    enemyMoveSpeed: 7
    explosionDamage: 0
    itemValue: 1
    itemTimeVariation: 0
    Hp: 19
    randomPool: lurdud28
    itemRandomPool: a
    id: 140
    AbsoluteTime: 263.6
    flagAlarm: 0
  - enemyType: 4
    enemySpawnTime: 1
    enemyMustache: 0
    enemyHP: 
    enemyDamage: 0
    enemyLane: 3
    enemyMoveSpeed: 7
    explosionDamage: 0
    itemValue: 1
    itemTimeVariation: 0
    Hp: 19
    randomPool: lurdud28
    itemRandomPool: a
    id: 141
    AbsoluteTime: 264.6
    flagAlarm: 0
  - enemyType: 4
    enemySpawnTime: 1
    enemyMustache: 0
    enemyHP: 
    enemyDamage: 0
    enemyLane: 0
    enemyMoveSpeed: 7
    explosionDamage: 0
    itemValue: 1
    itemTimeVariation: 0
    Hp: 19
    randomPool: lurdud28
    itemRandomPool: a
    id: 142
    AbsoluteTime: 265.6
    flagAlarm: 0
  - enemyType: 4
    enemySpawnTime: 1
    enemyMustache: 0
    enemyHP: 
    enemyDamage: 0
    enemyLane: 1
    enemyMoveSpeed: 7
    explosionDamage: 0
    itemValue: 1
    itemTimeVariation: 0
    Hp: 19
    randomPool: lurdud28
    itemRandomPool: a
    id: 143
    AbsoluteTime: 266.6
    flagAlarm: 0
  - enemyType: 4
    enemySpawnTime: 1
    enemyMustache: 0
    enemyHP: 
    enemyDamage: 0
    enemyLane: 2
    enemyMoveSpeed: 7
    explosionDamage: 0
    itemValue: 1
    itemTimeVariation: 0
    Hp: 19
    randomPool: lurdud28
    itemRandomPool: a
    id: 144
    AbsoluteTime: 267.6
    flagAlarm: 0
--- !u!1001 &100100000
Prefab:
  m_ObjectHideFlags: 1
  serializedVersion: 2
  m_Modification:
    m_TransformParent: {fileID: 0}
    m_Modifications: []
    m_RemovedComponents: []
  m_ParentPrefab: {fileID: 0}
  m_RootGameObject: {fileID: 150114}
  m_IsPrefabParent: 1
