%YAML 1.1
%TAG !u! tag:unity3d.com,2011:
--- !u!1 &117406
GameObject:
  m_ObjectHideFlags: 0
  m_PrefabParentObject: {fileID: 0}
  m_PrefabInternal: {fileID: 100100000}
  serializedVersion: 5
  m_Component:
  - component: {fileID: 470722}
  - component: {fileID: 11466368}
  - component: {fileID: 11473742}
  m_Layer: 0
  m_Name: Level 2-9 LD
  m_TagString: Untagged
  m_Icon: {fileID: 0}
  m_NavMeshLayer: 0
  m_StaticEditorFlags: 0
  m_IsActive: 1
--- !u!4 &470722
Transform:
  m_ObjectHideFlags: 1
  m_PrefabParentObject: {fileID: 0}
  m_PrefabInternal: {fileID: 100100000}
  m_GameObject: {fileID: 117406}
  m_LocalRotation: {x: 0, y: 0, z: 0, w: 1}
  m_LocalPosition: {x: 0, y: 0, z: 0}
  m_LocalScale: {x: 1, y: 1, z: 1}
  m_Children: []
  m_Father: {fileID: 0}
  m_RootOrder: 0
  m_LocalEulerAnglesHint: {x: 0, y: 0, z: 0}
--- !u!114 &11466368
MonoBehaviour:
  m_ObjectHideFlags: 1
  m_PrefabParentObject: {fileID: 0}
  m_PrefabInternal: {fileID: 100100000}
  m_GameObject: {fileID: 117406}
  m_Enabled: 1
  m_EditorHideFlags: 0
  m_Script: {fileID: 11500000, guid: 0703be101c1d61e4593e64684f3ecc89, type: 3}
  m_Name: 
  m_EditorClassIdentifier: 
  Wave: 77000000
  Story: 
  fatSpeed: 10.2
  fatDamage: 1
  fatMustacheDrop: 1
  fatHealth: 24
  thinSpeed: 6
  thinDamage: 1
  thinMustacheDrop: 1
  thinHealth: 12
  muscleSpeed: 8
  muscleDamage: 2
  muscleMustacheDrop: 2
  muscleHealth: 18
  giantSpeed: 0
  giantDamage: 0
  giantMustacheDrop: 0
  giantHealth: 0
  hfSpeed: 3.8
  hfDamage: 1
  hfMustacheDrop: 1
  hfHealth: 9
  hfxSpeed: 4.1
  hfxDamage: 4
  hfxMustacheDrop: 2
  hfxHealth: 9
  barrelSpeed: 0
  barrelDamage: 0
  barrelMustacheDrop: 0
  barrelHealth: 0
  barrelxSpeed: 0
  barrelxDamage: 0
  barrelxMustacheDrop: 0
  barrelxHealth: 0
  barrelqSpeed: 0
  barrelqDamage: 0
  barrelqMustacheDrop: 0
  barrelqHealth: 0
  hfStickyHealth: 2
  hfxExplosionDamage: 9
  barrelVulnerableTime: 0
  barrelXExplosionDamage: 9
  barrelXVulnerableTime: 0
  barrelQExplosionDamage: 0
  barrelQVulnerableTime: 0
  barrelQHedgehogDamage: 0
  Mustache: 2c010000c8000000
  RandomChest: 
  Items: 7a000000
  FixedChest: []
  missesThresholdPercent: 92
  enemyList:
  - enemyType: 41
    enemySpawnTime: 2
    enemyMustache: 0
    enemyHP: 
    enemyDamage: 0
    enemyLane: 1
    enemyMoveSpeed: 10
    explosionDamage: 0
    itemValue: 2
    itemTimeVariation: 0
    Hp: 6
    randomPool: lurd
    itemRandomPool: a
    id: 0
    AbsoluteTime: 2
    flagAlarm: 0
  - enemyType: 1
    enemySpawnTime: 4
    enemyMustache: 0
    enemyHP: '**2*8'
    enemyDamage: 0
    enemyLane: 1
    enemyMoveSpeed: 10
    explosionDamage: 0
    itemValue: 2
    itemTimeVariation: 0
    Hp: 24
    randomPool: lurd
    itemRandomPool: a
    id: 1
    AbsoluteTime: 6
    flagAlarm: 0
  - enemyType: 8
    enemySpawnTime: 3
    enemyMustache: 0
    enemyHP: 
    enemyDamage: 0
    enemyLane: 2
    enemyMoveSpeed: 10
    explosionDamage: 0
    itemValue: 2
    itemTimeVariation: 0
    Hp: 9
    randomPool: lurd
    itemRandomPool: a
    id: 2
    AbsoluteTime: 9
    flagAlarm: 0
  - enemyType: 8
    enemySpawnTime: 0
    enemyMustache: 0
    enemyHP: 2
    enemyDamage: 0
    enemyLane: 3
    enemyMoveSpeed: 10
    explosionDamage: 0
    itemValue: 2
    itemTimeVariation: 0
    Hp: 9
    randomPool: lurd
    itemRandomPool: a
    id: 3
    AbsoluteTime: 9
    flagAlarm: 0
  - enemyType: 8
    enemySpawnTime: 0
    enemyMustache: 0
    enemyHP: '*8'
    enemyDamage: 0
    enemyLane: 0
    enemyMoveSpeed: 10
    explosionDamage: 0
    itemValue: 2
    itemTimeVariation: 0
    Hp: 9
    randomPool: lurd
    itemRandomPool: a
    id: 4
    AbsoluteTime: 9
    flagAlarm: 0
  - enemyType: 8
    enemySpawnTime: 5
    enemyMustache: 0
    enemyHP: 
    enemyDamage: 0
    enemyLane: 0
    enemyMoveSpeed: 10
    explosionDamage: 0
    itemValue: 2
    itemTimeVariation: 0
    Hp: 9
    randomPool: lurd
    itemRandomPool: a
    id: 5
    AbsoluteTime: 14
    flagAlarm: 0
  - enemyType: 8
    enemySpawnTime: 0.2
    enemyMustache: 0
    enemyHP: '**2'
    enemyDamage: 0
    enemyLane: 1
    enemyMoveSpeed: 10
    explosionDamage: 0
    itemValue: 2
    itemTimeVariation: 0
    Hp: 9
    randomPool: lurd
    itemRandomPool: a
    id: 6
    AbsoluteTime: 14.2
    flagAlarm: 0
  - enemyType: 8
    enemySpawnTime: 0.2
    enemyMustache: 0
    enemyHP: 
    enemyDamage: 0
    enemyLane: 2
    enemyMoveSpeed: 10
    explosionDamage: 0
    itemValue: 2
    itemTimeVariation: 0
    Hp: 9
    randomPool: lurd
    itemRandomPool: a
    id: 7
    AbsoluteTime: 14.4
    flagAlarm: 0
  - enemyType: 8
    enemySpawnTime: 0.2
    enemyMustache: 0
    enemyHP: 28
    enemyDamage: 0
    enemyLane: 3
    enemyMoveSpeed: 10
    explosionDamage: 0
    itemValue: 2
    itemTimeVariation: 0
    Hp: 9
    randomPool: lurd
    itemRandomPool: a
    id: 8
    AbsoluteTime: 14.6
    flagAlarm: 0
  - enemyType: 1
    enemySpawnTime: 4
    enemyMustache: 0
    enemyHP: 88
    enemyDamage: 0
    enemyLane: 3
    enemyMoveSpeed: 10
    explosionDamage: 0
    itemValue: 2
    itemTimeVariation: 0
    Hp: 24
    randomPool: lurd
    itemRandomPool: a
    id: 9
    AbsoluteTime: 18.6
    flagAlarm: 0
  - enemyType: 1
    enemySpawnTime: 0
    enemyMustache: 0
    enemyHP: 
    enemyDamage: 0
    enemyLane: 0
    enemyMoveSpeed: 10
    explosionDamage: 0
    itemValue: 2
    itemTimeVariation: 0
    Hp: 24
    randomPool: lurd
    itemRandomPool: a
    id: 10
    AbsoluteTime: 18.6
    flagAlarm: 0
  - enemyType: 0
    enemySpawnTime: 2.2
    enemyMustache: 0
    enemyHP: 
    enemyDamage: 0
    enemyLane: 0
    enemyMoveSpeed: 10
    explosionDamage: 0
    itemValue: 2
    itemTimeVariation: 0
    Hp: 24
    randomPool: lurdlur28
    itemRandomPool: a
    id: 11
    AbsoluteTime: 20.8
    flagAlarm: 0
  - enemyType: 0
    enemySpawnTime: 0
    enemyMustache: 0
    enemyHP: 22
    enemyDamage: 0
    enemyLane: 3
    enemyMoveSpeed: 10
    explosionDamage: 0
    itemValue: 2
    itemTimeVariation: 0
    Hp: 24
    randomPool: lurd
    itemRandomPool: a
    id: 12
    AbsoluteTime: 20.8
    flagAlarm: 0
  - enemyType: 10
    enemySpawnTime: 2
    enemyMustache: 0
    enemyHP: 
    enemyDamage: 0
    enemyLane: 1
    enemyMoveSpeed: 10
    explosionDamage: 0
    itemValue: 2
    itemTimeVariation: 0
    Hp: 9
    randomPool: lurd28
    itemRandomPool: a
    id: 13
    AbsoluteTime: 22.8
    flagAlarm: 0
  - enemyType: 10
    enemySpawnTime: 0
    enemyMustache: 0
    enemyHP: 
    enemyDamage: 0
    enemyLane: 2
    enemyMoveSpeed: 10
    explosionDamage: 0
    itemValue: 2
    itemTimeVariation: 0
    Hp: 9
    randomPool: lurdl28
    itemRandomPool: a
    id: 14
    AbsoluteTime: 22.8
    flagAlarm: 0
  - enemyType: 4
    enemySpawnTime: 3
    enemyMustache: 0
    enemyHP: 
    enemyDamage: 0
    enemyLane: 0
    enemyMoveSpeed: 10
    explosionDamage: 0
    itemValue: 2
    itemTimeVariation: 0
    Hp: 18
    randomPool: lurd
    itemRandomPool: a
    id: 15
    AbsoluteTime: 25.8
    flagAlarm: 0
  - enemyType: 4
    enemySpawnTime: 1.1
    enemyMustache: 0
    enemyHP: 
    enemyDamage: 0
    enemyLane: 1
    enemyMoveSpeed: 10
    explosionDamage: 0
    itemValue: 2
    itemTimeVariation: 0
    Hp: 18
    randomPool: lurd28
    itemRandomPool: a
    id: 16
    AbsoluteTime: 26.9
    flagAlarm: 0
  - enemyType: 4
    enemySpawnTime: 1.5
    enemyMustache: 0
    enemyHP: 
    enemyDamage: 0
    enemyLane: 2
    enemyMoveSpeed: 10
    explosionDamage: 0
    itemValue: 2
    itemTimeVariation: 0
    Hp: 18
    randomPool: lurd
    itemRandomPool: a
    id: 17
    AbsoluteTime: 28.4
    flagAlarm: 0
  - enemyType: 4
    enemySpawnTime: 1.3
    enemyMustache: 0
    enemyHP: '**2'
    enemyDamage: 0
    enemyLane: 3
    enemyMoveSpeed: 10
    explosionDamage: 0
    itemValue: 2
    itemTimeVariation: 0
    Hp: 18
    randomPool: lurd
    itemRandomPool: a
    id: 18
    AbsoluteTime: 29.7
    flagAlarm: 0
  - enemyType: 4
    enemySpawnTime: 1.9
    enemyMustache: 0
    enemyHP: 
    enemyDamage: 0
    enemyLane: 0
    enemyMoveSpeed: 10
    explosionDamage: 0
    itemValue: 2
    itemTimeVariation: 0
    Hp: 18
    randomPool: lurdrd28
    itemRandomPool: a
    id: 19
    AbsoluteTime: 31.6
    flagAlarm: 0
  - enemyType: 4
    enemySpawnTime: 1.4
    enemyMustache: 0
    enemyHP: '**288'
    enemyDamage: 0
    enemyLane: 1
    enemyMoveSpeed: 10
    explosionDamage: 0
    itemValue: 2
    itemTimeVariation: 0
    Hp: 18
    randomPool: lurd
    itemRandomPool: a
    id: 20
    AbsoluteTime: 33
    flagAlarm: 0
  - enemyType: 4
    enemySpawnTime: 1.4
    enemyMustache: 0
    enemyHP: 
    enemyDamage: 0
    enemyLane: 2
    enemyMoveSpeed: 10
    explosionDamage: 0
    itemValue: 2
    itemTimeVariation: 0
    Hp: 18
    randomPool: lurd2
    itemRandomPool: a
    id: 21
    AbsoluteTime: 34.4
    flagAlarm: 0
  - enemyType: 45
    enemySpawnTime: 0
    enemyMustache: 0
    enemyHP: 8dd
    enemyDamage: 0
    enemyLane: 3
    enemyMoveSpeed: 10
    explosionDamage: 0
    itemValue: 1
    itemTimeVariation: 0
    Hp: 9
    randomPool: lurd2
    itemRandomPool: a
    id: 22
    AbsoluteTime: 34.4
    flagAlarm: 0
  - enemyType: 4
    enemySpawnTime: 1.8
    enemyMustache: 0
    enemyHP: 
    enemyDamage: 0
    enemyLane: 3
    enemyMoveSpeed: 10
    explosionDamage: 0
    itemValue: 2
    itemTimeVariation: 0
    Hp: 18
    randomPool: lurd
    itemRandomPool: a
    id: 23
    AbsoluteTime: 36.2
    flagAlarm: 0
  - enemyType: 1
    enemySpawnTime: 0
    enemyMustache: 0
    enemyHP: 2**2
    enemyDamage: 0
    enemyLane: 2
    enemyMoveSpeed: 10
    explosionDamage: 0
    itemValue: 2
    itemTimeVariation: 0
    Hp: 24
    randomPool: lurd
    itemRandomPool: a
    id: 24
    AbsoluteTime: 36.2
    flagAlarm: 0
  - enemyType: 1
    enemySpawnTime: 0
    enemyMustache: 0
    enemyHP: 
    enemyDamage: 0
    enemyLane: 1
    enemyMoveSpeed: 10
    explosionDamage: 0
    itemValue: 2
    itemTimeVariation: 0
    Hp: 24
    randomPool: lurd8
    itemRandomPool: a
    id: 25
    AbsoluteTime: 36.2
    flagAlarm: 0
  - enemyType: 4
    enemySpawnTime: 0
    enemyMustache: 0
    enemyHP: 8**8
    enemyDamage: 0
    enemyLane: 0
    enemyMoveSpeed: 10
    explosionDamage: 0
    itemValue: 2
    itemTimeVariation: 0
    Hp: 18
    randomPool: lurd
    itemRandomPool: a
    id: 26
    AbsoluteTime: 36.2
    flagAlarm: 0
  - enemyType: 0
    enemySpawnTime: 2.5
    enemyMustache: 0
    enemyHP: 
    enemyDamage: 0
    enemyLane: 3
    enemyMoveSpeed: 10
    explosionDamage: 0
    itemValue: 2
    itemTimeVariation: 0
    Hp: 24
    randomPool: lurd2
    itemRandomPool: a
    id: 27
    AbsoluteTime: 38.7
    flagAlarm: 0
  - enemyType: 0
    enemySpawnTime: 0
    enemyMustache: 0
    enemyHP: 
    enemyDamage: 0
    enemyLane: 0
    enemyMoveSpeed: 10
    explosionDamage: 0
    itemValue: 2
    itemTimeVariation: 0
    Hp: 24
    randomPool: lurd82
    itemRandomPool: a
    id: 28
    AbsoluteTime: 38.7
    flagAlarm: 0
  - enemyType: 42
    enemySpawnTime: 1
    enemyMustache: 0
    enemyHP: 
    enemyDamage: 0
    enemyLane: 3
    enemyMoveSpeed: 10
    explosionDamage: 0
    itemValue: 1
    itemTimeVariation: 0
    Hp: 12
    randomPool: lurd
    itemRandomPool: a
    id: 29
    AbsoluteTime: 39.7
    flagAlarm: 0
  - enemyType: 10
    enemySpawnTime: 2
    enemyMustache: 0
    enemyHP: 
    enemyDamage: 0
    enemyLane: 1
    enemyMoveSpeed: 10
    explosionDamage: 0
    itemValue: 2
    itemTimeVariation: 0
    Hp: 9
    randomPool: lurd28
    itemRandomPool: a
    id: 30
    AbsoluteTime: 41.7
    flagAlarm: 0
  - enemyType: 0
    enemySpawnTime: 0
    enemyMustache: 0
    enemyHP: 
    enemyDamage: 0
    enemyLane: 2
    enemyMoveSpeed: 10
    explosionDamage: 0
    itemValue: 2
    itemTimeVariation: 0
    Hp: 24
    randomPool: lurd
    itemRandomPool: a
    id: 31
    AbsoluteTime: 41.7
    flagAlarm: 0
  - enemyType: 0
    enemySpawnTime: 1
    enemyMustache: 0
    enemyHP: '*2*8'
    enemyDamage: 0
    enemyLane: 1
    enemyMoveSpeed: 10
    explosionDamage: 0
    itemValue: 2
    itemTimeVariation: 0
    Hp: 24
    randomPool: lurd
    itemRandomPool: a
    id: 32
    AbsoluteTime: 42.7
    flagAlarm: 0
  - enemyType: 0
    enemySpawnTime: 5
    enemyMustache: 0
    enemyHP: 
    enemyDamage: 0
    enemyLane: 3
    enemyMoveSpeed: 10
    explosionDamage: 0
    itemValue: 2
    itemTimeVariation: 0
    Hp: 24
    randomPool: lurd
    itemRandomPool: a
    id: 33
    AbsoluteTime: 47.7
    flagAlarm: 0
  - enemyType: 1
    enemySpawnTime: 1.3
    enemyMustache: 0
    enemyHP: 
    enemyDamage: 0
    enemyLane: 0
    enemyMoveSpeed: 10
    explosionDamage: 0
    itemValue: 2
    itemTimeVariation: 0
    Hp: 24
    randomPool: lurd2
    itemRandomPool: a
    id: 34
    AbsoluteTime: 49
    flagAlarm: 0
  - enemyType: 0
    enemySpawnTime: 1.3
    enemyMustache: 0
    enemyHP: 
    enemyDamage: 0
    enemyLane: 1
    enemyMoveSpeed: 10
    explosionDamage: 0
    itemValue: 2
    itemTimeVariation: 0
    Hp: 24
    randomPool: lurd
    itemRandomPool: a
    id: 35
    AbsoluteTime: 50.3
    flagAlarm: 0
  - enemyType: 1
    enemySpawnTime: 1.3
    enemyMustache: 0
    enemyHP: 
    enemyDamage: 0
    enemyLane: 2
    enemyMoveSpeed: 10
    explosionDamage: 0
    itemValue: 2
    itemTimeVariation: 0
    Hp: 24
    randomPool: lurd8
    itemRandomPool: a
    id: 36
    AbsoluteTime: 51.6
    flagAlarm: 0
  - enemyType: 42
    enemySpawnTime: 0
    enemyMustache: 0
    enemyHP: 
    enemyDamage: 0
    enemyLane: 3
    enemyMoveSpeed: 10
    explosionDamage: 0
    itemValue: 1
    itemTimeVariation: 0
    Hp: 24
    randomPool: lurd
    itemRandomPool: a
    id: 37
    AbsoluteTime: 51.6
    flagAlarm: 0
  - enemyType: 8
    enemySpawnTime: 7
    enemyMustache: 0
    enemyHP: 
    enemyDamage: 0
    enemyLane: 1
    enemyMoveSpeed: 10
    explosionDamage: 0
    itemValue: 2
    itemTimeVariation: 0
    Hp: 9
    randomPool: lurd2
    itemRandomPool: a
    id: 38
    AbsoluteTime: 58.6
    flagAlarm: 0
  - enemyType: 4
    enemySpawnTime: 1
    enemyMustache: 0
    enemyHP: 
    enemyDamage: 0
    enemyLane: 2
    enemyMoveSpeed: 10
    explosionDamage: 0
    itemValue: 2
    itemTimeVariation: 0
    Hp: 18
    randomPool: lurd
    itemRandomPool: a
    id: 39
    AbsoluteTime: 59.6
    flagAlarm: 0
  - enemyType: 0
    enemySpawnTime: 1
    enemyMustache: 0
    enemyHP: '**2*8'
    enemyDamage: 0
    enemyLane: 1
    enemyMoveSpeed: 10
    explosionDamage: 0
    itemValue: 2
    itemTimeVariation: 0
    Hp: 24
    randomPool: lurd
    itemRandomPool: a
    id: 40
    AbsoluteTime: 60.6
    flagAlarm: 0
  - enemyType: 2
    enemySpawnTime: 2
    enemyMustache: 0
    enemyHP: 
    enemyDamage: 0
    enemyLane: 3
    enemyMoveSpeed: 10
    explosionDamage: 0
    itemValue: 2
    itemTimeVariation: 0
    Hp: 12
    randomPool: lurd28
    itemRandomPool: a
    id: 41
    AbsoluteTime: 62.6
    flagAlarm: 0
  - enemyType: 3
    enemySpawnTime: 0
    enemyMustache: 0
    enemyHP: 
    enemyDamage: 0
    enemyLane: 0
    enemyMoveSpeed: 10
    explosionDamage: 0
    itemValue: 2
    itemTimeVariation: 0
    Hp: 12
    randomPool: lurd
    itemRandomPool: a
    id: 42
    AbsoluteTime: 62.6
    flagAlarm: 0
  - enemyType: 0
    enemySpawnTime: 4
    enemyMustache: 0
    enemyHP: 
    enemyDamage: 0
    enemyLane: 0
    enemyMoveSpeed: 10
    explosionDamage: 0
    itemValue: 2
    itemTimeVariation: 0
    Hp: 24
    randomPool: lurd
    itemRandomPool: a
    id: 43
    AbsoluteTime: 66.6
    flagAlarm: 0
  - enemyType: 1
    enemySpawnTime: 0
    enemyMustache: 0
    enemyHP: '**88'
    enemyDamage: 0
    enemyLane: 3
    enemyMoveSpeed: 10
    explosionDamage: 0
    itemValue: 2
    itemTimeVariation: 0
    Hp: 24
    randomPool: lurd
    itemRandomPool: a
    id: 44
    AbsoluteTime: 66.6
    flagAlarm: 0
  - enemyType: 4
    enemySpawnTime: 2.5
    enemyMustache: 0
    enemyHP: 
    enemyDamage: 0
    enemyLane: 2
    enemyMoveSpeed: 10
    explosionDamage: 0
    itemValue: 2
    itemTimeVariation: 0
    Hp: 18
    randomPool: lurd
    itemRandomPool: a
    id: 45
    AbsoluteTime: 69.1
    flagAlarm: 0
  - enemyType: 4
    enemySpawnTime: 0
    enemyMustache: 0
    enemyHP: 8
    enemyDamage: 0
    enemyLane: 1
    enemyMoveSpeed: 10
    explosionDamage: 0
    itemValue: 2
    itemTimeVariation: 0
    Hp: 18
    randomPool: lurd
    itemRandomPool: a
    id: 46
    AbsoluteTime: 69.1
    flagAlarm: 0
  - enemyType: 43
    enemySpawnTime: 8
    enemyMustache: 0
    enemyHP: 
    enemyDamage: 0
    enemyLane: 2
    enemyMoveSpeed: 10
    explosionDamage: 0
    itemValue: 1
    itemTimeVariation: 0
    Hp: 15
    randomPool: lurd
    itemRandomPool: a
    id: 47
    AbsoluteTime: 77.1
    flagAlarm: 0
  - enemyType: 8
    enemySpawnTime: 5.5
    enemyMustache: 0
    enemyHP: 
    enemyDamage: 0
    enemyLane: 1
    enemyMoveSpeed: 10
    explosionDamage: 0
    itemValue: 2
    itemTimeVariation: 0
    Hp: 9
    randomPool: lurd
    itemRandomPool: a
    id: 48
    AbsoluteTime: 82.6
    flagAlarm: 0
  - enemyType: 8
    enemySpawnTime: 1
    enemyMustache: 0
    enemyHP: 
    enemyDamage: 0
    enemyLane: 2
    enemyMoveSpeed: 10
    explosionDamage: 0
    itemValue: 2
    itemTimeVariation: 0
    Hp: 9
    randomPool: lurd2
    itemRandomPool: a
    id: 49
    AbsoluteTime: 83.6
    flagAlarm: 0
  - enemyType: 8
    enemySpawnTime: 1
    enemyMustache: 0
    enemyHP: 
    enemyDamage: 0
    enemyLane: 0
    enemyMoveSpeed: 10
    explosionDamage: 0
    itemValue: 2
    itemTimeVariation: 0
    Hp: 9
    randomPool: lurd
    itemRandomPool: a
    id: 50
    AbsoluteTime: 84.6
    flagAlarm: 0
  - enemyType: 8
    enemySpawnTime: 1
    enemyMustache: 0
    enemyHP: 
    enemyDamage: 0
    enemyLane: 0
    enemyMoveSpeed: 10
    explosionDamage: 0
    itemValue: 2
    itemTimeVariation: 0
    Hp: 9
    randomPool: lurd
    itemRandomPool: a
    id: 51
    AbsoluteTime: 85.6
    flagAlarm: 0
  - enemyType: 8
    enemySpawnTime: 1
    enemyMustache: 0
    enemyHP: 
    enemyDamage: 0
    enemyLane: 3
    enemyMoveSpeed: 10
    explosionDamage: 0
    itemValue: 2
    itemTimeVariation: 0
    Hp: 9
    randomPool: lurd8
    itemRandomPool: a
    id: 52
    AbsoluteTime: 86.6
    flagAlarm: 0
  - enemyType: 8
    enemySpawnTime: 0.5
    enemyMustache: 0
    enemyHP: 
    enemyDamage: 0
    enemyLane: 1
    enemyMoveSpeed: 10
    explosionDamage: 0
    itemValue: 2
    itemTimeVariation: 0
    Hp: 9
    randomPool: lurd
    itemRandomPool: a
    id: 53
    AbsoluteTime: 87.1
    flagAlarm: 0
  - enemyType: 8
    enemySpawnTime: 0.5
    enemyMustache: 0
    enemyHP: 
    enemyDamage: 0
    enemyLane: 2
    enemyMoveSpeed: 10
    explosionDamage: 0
    itemValue: 2
    itemTimeVariation: 0
    Hp: 9
    randomPool: lurd
    itemRandomPool: a
    id: 54
    AbsoluteTime: 87.6
    flagAlarm: 0
  - enemyType: 8
    enemySpawnTime: 0.5
    enemyMustache: 0
    enemyHP: 
    enemyDamage: 0
    enemyLane: 3
    enemyMoveSpeed: 10
    explosionDamage: 0
    itemValue: 2
    itemTimeVariation: 0
    Hp: 9
    randomPool: lurd
    itemRandomPool: a
    id: 55
    AbsoluteTime: 88.1
    flagAlarm: 0
  - enemyType: 1
    enemySpawnTime: 5.5
    enemyMustache: 0
    enemyHP: 
    enemyDamage: 0
    enemyLane: 2
    enemyMoveSpeed: 10
    explosionDamage: 0
    itemValue: 2
    itemTimeVariation: 0
    Hp: 24
    randomPool: lurd
    itemRandomPool: a
    id: 56
    AbsoluteTime: 93.6
    flagAlarm: 0
  - enemyType: 4
    enemySpawnTime: 1
    enemyMustache: 0
    enemyHP: 
    enemyDamage: 0
    enemyLane: 1
    enemyMoveSpeed: 10
    explosionDamage: 0
    itemValue: 2
    itemTimeVariation: 0
    Hp: 18
    randomPool: lurd2
    itemRandomPool: a
    id: 57
    AbsoluteTime: 94.6
    flagAlarm: 0
  - enemyType: 4
    enemySpawnTime: 1
    enemyMustache: 0
    enemyHP: 
    enemyDamage: 0
    enemyLane: 0
    enemyMoveSpeed: 10
    explosionDamage: 0
    itemValue: 2
    itemTimeVariation: 0
    Hp: 18
    randomPool: lurd
    itemRandomPool: a
    id: 58
    AbsoluteTime: 95.6
    flagAlarm: 0
  - enemyType: 0
    enemySpawnTime: 3
    enemyMustache: 0
    enemyHP: 
    enemyDamage: 0
    enemyLane: 2
    enemyMoveSpeed: 10
    explosionDamage: 0
    itemValue: 2
    itemTimeVariation: 0
    Hp: 24
    randomPool: lurd
    itemRandomPool: a
    id: 59
    AbsoluteTime: 98.6
    flagAlarm: 0
  - enemyType: 0
    enemySpawnTime: 0.5
    enemyMustache: 0
    enemyHP: '*8**8'
    enemyDamage: 0
    enemyLane: 3
    enemyMoveSpeed: 10
    explosionDamage: 0
    itemValue: 2
    itemTimeVariation: 0
    Hp: 24
    randomPool: lurd
    itemRandomPool: a
    id: 60
    AbsoluteTime: 99.1
    flagAlarm: 0
  - enemyType: 0
    enemySpawnTime: 0.5
    enemyMustache: 0
    enemyHP: 2
    enemyDamage: 0
    enemyLane: 1
    enemyMoveSpeed: 10
    explosionDamage: 0
    itemValue: 2
    itemTimeVariation: 0
    Hp: 24
    randomPool: lurd
    itemRandomPool: a
    id: 61
    AbsoluteTime: 99.6
    flagAlarm: 0
  - enemyType: 10
    enemySpawnTime: 2
    enemyMustache: 0
    enemyHP: 
    enemyDamage: 0
    enemyLane: 0
    enemyMoveSpeed: 10
    explosionDamage: 0
    itemValue: 2
    itemTimeVariation: 0
    Hp: 9
    randomPool: lurd28
    itemRandomPool: a
    id: 62
    AbsoluteTime: 101.6
    flagAlarm: 0
  - enemyType: 0
    enemySpawnTime: 1
    enemyMustache: 0
    enemyHP: 
    enemyDamage: 0
    enemyLane: 3
    enemyMoveSpeed: 10
    explosionDamage: 0
    itemValue: 2
    itemTimeVariation: 0
    Hp: 24
    randomPool: lurd
    itemRandomPool: a
    id: 63
    AbsoluteTime: 102.6
    flagAlarm: 0
  - enemyType: 0
    enemySpawnTime: 0.5
    enemyMustache: 0
    enemyHP: 
    enemyDamage: 0
    enemyLane: 2
    enemyMoveSpeed: 10
    explosionDamage: 0
    itemValue: 2
    itemTimeVariation: 0
    Hp: 24
    randomPool: lurdlurd28
    itemRandomPool: a
    id: 64
    AbsoluteTime: 103.1
    flagAlarm: 0
  - enemyType: 2
    enemySpawnTime: 0.9
    enemyMustache: 0
    enemyHP: 
    enemyDamage: 0
    enemyLane: 1
    enemyMoveSpeed: 10
    explosionDamage: 0
    itemValue: 2
    itemTimeVariation: 0
    Hp: 12
    randomPool: lurd
    itemRandomPool: a
    id: 65
    AbsoluteTime: 104
    flagAlarm: 0
  - enemyType: 2
    enemySpawnTime: 0.7
    enemyMustache: 0
    enemyHP: 
    enemyDamage: 0
    enemyLane: 1
    enemyMoveSpeed: 10
    explosionDamage: 0
    itemValue: 2
    itemTimeVariation: 0
    Hp: 12
    randomPool: lurd2
    itemRandomPool: a
    id: 66
    AbsoluteTime: 104.7
    flagAlarm: 0
  - enemyType: 2
    enemySpawnTime: 0.5
    enemyMustache: 0
    enemyHP: '**8'
    enemyDamage: 0
    enemyLane: 0
    enemyMoveSpeed: 10
    explosionDamage: 0
    itemValue: 2
    itemTimeVariation: 0
    Hp: 12
    randomPool: lurd
    itemRandomPool: a
    id: 67
    AbsoluteTime: 105.2
    flagAlarm: 0
  - enemyType: 41
    enemySpawnTime: 5
    enemyMustache: 0
    enemyHP: 
    enemyDamage: 0
    enemyLane: 0
    enemyMoveSpeed: 10
    explosionDamage: 0
    itemValue: 2
    itemTimeVariation: 0
    Hp: 15
    randomPool: lurd
    itemRandomPool: a
    id: 68
    AbsoluteTime: 110.2
    flagAlarm: 0
  - enemyType: 4
    enemySpawnTime: 4
    enemyMustache: 0
    enemyHP: 
    enemyDamage: 0
    enemyLane: 0
    enemyMoveSpeed: 10
    explosionDamage: 0
    itemValue: 2
    itemTimeVariation: 0
    Hp: 18
    randomPool: lurd
    itemRandomPool: a
    id: 69
    AbsoluteTime: 114.2
    flagAlarm: 0
  - enemyType: 4
    enemySpawnTime: 0.5
    enemyMustache: 0
    enemyHP: 
    enemyDamage: 0
    enemyLane: 1
    enemyMoveSpeed: 10
    explosionDamage: 0
    itemValue: 2
    itemTimeVariation: 0
    Hp: 18
    randomPool: lurd8
    itemRandomPool: a
    id: 70
    AbsoluteTime: 114.7
    flagAlarm: 0
  - enemyType: 0
    enemySpawnTime: 0.5
    enemyMustache: 0
    enemyHP: 
    enemyDamage: 0
    enemyLane: 2
    enemyMoveSpeed: 10
    explosionDamage: 0
    itemValue: 2
    itemTimeVariation: 0
    Hp: 24
    randomPool: lurd
    itemRandomPool: a
    id: 71
    AbsoluteTime: 115.2
    flagAlarm: 0
  - enemyType: 1
    enemySpawnTime: 0
    enemyMustache: 0
    enemyHP: 
    enemyDamage: 0
    enemyLane: 3
    enemyMoveSpeed: 10
    explosionDamage: 0
    itemValue: 2
    itemTimeVariation: 0
    Hp: 24
    randomPool: lurdud28
    itemRandomPool: a
    id: 72
    AbsoluteTime: 115.2
    flagAlarm: 0
  - enemyType: 1
    enemySpawnTime: 1
    enemyMustache: 0
    enemyHP: '*8**8'
    enemyDamage: 0
    enemyLane: 0
    enemyMoveSpeed: 10
    explosionDamage: 0
    itemValue: 2
    itemTimeVariation: 0
    Hp: 24
    randomPool: lurd2
    itemRandomPool: a
    id: 73
    AbsoluteTime: 116.2
    flagAlarm: 0
  - enemyType: 0
    enemySpawnTime: 1
    enemyMustache: 0
    enemyHP: '*2**82'
    enemyDamage: 0
    enemyLane: 1
    enemyMoveSpeed: 10
    explosionDamage: 0
    itemValue: 2
    itemTimeVariation: 0
    Hp: 24
    randomPool: lurd
    itemRandomPool: a
    id: 74
    AbsoluteTime: 117.2
    flagAlarm: 0
  - enemyType: 40
    enemySpawnTime: 6
    enemyMustache: 0
    enemyHP: 8du2dulrlrlr
    enemyDamage: 0
    enemyLane: 0
    enemyMoveSpeed: 10
    explosionDamage: 0
    itemValue: 2
    itemTimeVariation: 0
    Hp: 12
    randomPool: lurd
    itemRandomPool: a
    id: 75
    AbsoluteTime: 123.2
    flagAlarm: 0
  - enemyType: 42
    enemySpawnTime: 0
    enemyMustache: 0
    enemyHP: 8du2dulrlrlr
    enemyDamage: 0
    enemyLane: 3
    enemyMoveSpeed: 10
    explosionDamage: 0
    itemValue: 1
    itemTimeVariation: 0
    Hp: 12
    randomPool: lurd
    itemRandomPool: a
    id: 76
    AbsoluteTime: 123.2
    flagAlarm: 0
  - enemyType: 2
    enemySpawnTime: 8
    enemyMustache: 0
    enemyHP: 
    enemyDamage: 0
    enemyLane: 3
    enemyMoveSpeed: 10
    explosionDamage: 0
    itemValue: 1
    itemTimeVariation: 0
    Hp: 12
    randomPool: lurd
    itemRandomPool: a
    id: 77
    AbsoluteTime: 131.2
    flagAlarm: 0
  - enemyType: 3
    enemySpawnTime: 0
    enemyMustache: 0
    enemyHP: '*8'
    enemyDamage: 0
    enemyLane: 0
    enemyMoveSpeed: 10
    explosionDamage: 0
    itemValue: 1
    itemTimeVariation: 0
    Hp: 12
    randomPool: lurd
    itemRandomPool: a
    id: 78
    AbsoluteTime: 131.2
    flagAlarm: 0
  - enemyType: 4
    enemySpawnTime: 2
    enemyMustache: 0
    enemyHP: 88*8
    enemyDamage: 0
    enemyLane: 0
    enemyMoveSpeed: 10
    explosionDamage: 0
    itemValue: 1
    itemTimeVariation: 0
    Hp: 18
    randomPool: lurd
    itemRandomPool: a
    id: 79
    AbsoluteTime: 133.2
    flagAlarm: 0
  - enemyType: 4
    enemySpawnTime: 0
    enemyMustache: 0
    enemyHP: 
    enemyDamage: 0
    enemyLane: 3
    enemyMoveSpeed: 10
    explosionDamage: 0
    itemValue: 1
    itemTimeVariation: 0
    Hp: 18
    randomPool: lurd
    itemRandomPool: a
    id: 80
    AbsoluteTime: 133.2
    flagAlarm: 0
  - enemyType: 3
    enemySpawnTime: 2
    enemyMustache: 0
    enemyHP: '**22'
    enemyDamage: 0
    enemyLane: 2
    enemyMoveSpeed: 10
    explosionDamage: 0
    itemValue: 1
    itemTimeVariation: 0
    Hp: 12
    randomPool: lurd
    itemRandomPool: a
    id: 81
    AbsoluteTime: 135.2
    flagAlarm: 0
  - enemyType: 10
    enemySpawnTime: 0
    enemyMustache: 0
    enemyHP: 
    enemyDamage: 0
    enemyLane: 1
    enemyMoveSpeed: 10
    explosionDamage: 0
    itemValue: 1
    itemTimeVariation: 0
    Hp: 9
    randomPool: lurd2828
    itemRandomPool: a
    id: 82
    AbsoluteTime: 135.2
    flagAlarm: 0
  - enemyType: 2
    enemySpawnTime: 1.8
    enemyMustache: 0
    enemyHP: 
    enemyDamage: 0
    enemyLane: 1
    enemyMoveSpeed: 10
    explosionDamage: 0
    itemValue: 1
    itemTimeVariation: 0
    Hp: 12
    randomPool: lurd
    itemRandomPool: a
    id: 83
    AbsoluteTime: 137
    flagAlarm: 0
  - enemyType: 2
    enemySpawnTime: 0
    enemyMustache: 0
    enemyHP: '**8'
    enemyDamage: 0
    enemyLane: 2
    enemyMoveSpeed: 10
    explosionDamage: 0
    itemValue: 1
    itemTimeVariation: 0
    Hp: 12
    randomPool: lurd
    itemRandomPool: a
    id: 84
    AbsoluteTime: 137
    flagAlarm: 0
  - enemyType: 3
    enemySpawnTime: 0
    enemyMustache: 0
    enemyHP: '**82'
    enemyDamage: 0
    enemyLane: 0
    enemyMoveSpeed: 10
    explosionDamage: 0
    itemValue: 1
    itemTimeVariation: 0
    Hp: 12
    randomPool: lurd
    itemRandomPool: a
    id: 85
    AbsoluteTime: 137
    flagAlarm: 0
  - enemyType: 2
    enemySpawnTime: 0
    enemyMustache: 0
    enemyHP: 2
    enemyDamage: 0
    enemyLane: 3
    enemyMoveSpeed: 10
    explosionDamage: 0
    itemValue: 1
    itemTimeVariation: 0
    Hp: 12
    randomPool: lurd
    itemRandomPool: a
    id: 86
    AbsoluteTime: 137
    flagAlarm: 0
  - enemyType: 44
    enemySpawnTime: 4
    enemyMustache: 0
    enemyHP: 2
    enemyDamage: 0
    enemyLane: 3
    enemyMoveSpeed: 8
    explosionDamage: 0
    itemValue: 1
    itemTimeVariation: 0
    Hp: 15
    randomPool: lurd28
    itemRandomPool: a
    id: 87
    AbsoluteTime: 141
    flagAlarm: 0
  - enemyType: 0
    enemySpawnTime: 2
    enemyMustache: 0
    enemyHP: 
    enemyDamage: 0
    enemyLane: 0
    enemyMoveSpeed: 10
    explosionDamage: 0
    itemValue: 1
    itemTimeVariation: 0
    Hp: 24
    randomPool: lurd28
    itemRandomPool: a
    id: 88
    AbsoluteTime: 143
    flagAlarm: 0
  - enemyType: 1
    enemySpawnTime: 1.1
    enemyMustache: 0
    enemyHP: 
    enemyDamage: 0
    enemyLane: 1
    enemyMoveSpeed: 10
    explosionDamage: 0
    itemValue: 1
    itemTimeVariation: 0
    Hp: 24
    randomPool: lurd28
    itemRandomPool: a
    id: 89
    AbsoluteTime: 144.1
    flagAlarm: 0
  - enemyType: 1
    enemySpawnTime: 1.1
    enemyMustache: 0
    enemyHP: 
    enemyDamage: 0
    enemyLane: 2
    enemyMoveSpeed: 10
    explosionDamage: 0
    itemValue: 1
    itemTimeVariation: 0
    Hp: 24
    randomPool: lurd28
    itemRandomPool: a
    id: 90
    AbsoluteTime: 145.2
    flagAlarm: 0
  - enemyType: 0
    enemySpawnTime: 1.1
    enemyMustache: 0
    enemyHP: 2
    enemyDamage: 0
    enemyLane: 3
    enemyMoveSpeed: 10
    explosionDamage: 0
    itemValue: 1
    itemTimeVariation: 0
    Hp: 24
    randomPool: lurd28
    itemRandomPool: a
    id: 91
    AbsoluteTime: 146.3
    flagAlarm: 0
  - enemyType: 1
    enemySpawnTime: 1.1
    enemyMustache: 0
    enemyHP: 2
    enemyDamage: 0
    enemyLane: 2
    enemyMoveSpeed: 10
    explosionDamage: 0
    itemValue: 1
    itemTimeVariation: 0
    Hp: 24
    randomPool: lurd28
    itemRandomPool: a
    id: 92
    AbsoluteTime: 147.4
    flagAlarm: 0
  - enemyType: 0
    enemySpawnTime: 1.1
    enemyMustache: 0
    enemyHP: 2
    enemyDamage: 0
    enemyLane: 1
    enemyMoveSpeed: 10
    explosionDamage: 0
    itemValue: 1
    itemTimeVariation: 0
    Hp: 24
    randomPool: lurd28
    itemRandomPool: a
    id: 93
    AbsoluteTime: 148.5
    flagAlarm: 0
  - enemyType: 0
    enemySpawnTime: 1.1
    enemyMustache: 0
    enemyHP: 
    enemyDamage: 0
    enemyLane: 0
    enemyMoveSpeed: 10
    explosionDamage: 0
    itemValue: 1
    itemTimeVariation: 0
    Hp: 24
    randomPool: lurd28
    itemRandomPool: a
    id: 94
    AbsoluteTime: 149.6
    flagAlarm: 0
  - enemyType: 40
    enemySpawnTime: 6.5
    enemyMustache: 0
    enemyHP: 
    enemyDamage: 0
    enemyLane: 3
    enemyMoveSpeed: 10
    explosionDamage: 0
    itemValue: 2
    itemTimeVariation: 0
    Hp: 24
    randomPool: lurd
    itemRandomPool: a
    id: 95
    AbsoluteTime: 156.1
    flagAlarm: 1
  - enemyType: 43
    enemySpawnTime: 0
    enemyMustache: 0
    enemyHP: 
    enemyDamage: 0
    enemyLane: 0
    enemyMoveSpeed: 10
    explosionDamage: 0
    itemValue: 1
    itemTimeVariation: 0
    Hp: 24
    randomPool: lurd
    itemRandomPool: a
    id: 96
    AbsoluteTime: 156.1
    flagAlarm: 0
  - enemyType: 41
    enemySpawnTime: 1.5
    enemyMustache: 0
    enemyHP: 
    enemyDamage: 0
    enemyLane: 0
    enemyMoveSpeed: 10
    explosionDamage: 0
    itemValue: 2
    itemTimeVariation: 0
    Hp: 20
    randomPool: lurd8
    itemRandomPool: a
    id: 97
    AbsoluteTime: 157.6
    flagAlarm: 0
  - enemyType: 2
    enemySpawnTime: 1
    enemyMustache: 0
    enemyHP: 
    enemyDamage: 0
    enemyLane: 0
    enemyMoveSpeed: 10
    explosionDamage: 0
    itemValue: 2
    itemTimeVariation: 0
    Hp: 12
    randomPool: lurdlurd82
    itemRandomPool: a
    id: 98
    AbsoluteTime: 158.6
    flagAlarm: 0
  - enemyType: 2
    enemySpawnTime: 0.5
    enemyMustache: 0
    enemyHP: 
    enemyDamage: 0
    enemyLane: 1
    enemyMoveSpeed: 10
    explosionDamage: 0
    itemValue: 2
    itemTimeVariation: 0
    Hp: 12
    randomPool: lurdlurd82
    itemRandomPool: a
    id: 99
    AbsoluteTime: 159.1
    flagAlarm: 0
  - enemyType: 3
    enemySpawnTime: 0.5
    enemyMustache: 0
    enemyHP: 
    enemyDamage: 0
    enemyLane: 2
    enemyMoveSpeed: 10
    explosionDamage: 0
    itemValue: 2
    itemTimeVariation: 0
    Hp: 12
    randomPool: lurd82
    itemRandomPool: a
    id: 100
    AbsoluteTime: 159.6
    flagAlarm: 0
  - enemyType: 2
    enemySpawnTime: 0.5
    enemyMustache: 0
    enemyHP: 
    enemyDamage: 0
    enemyLane: 3
    enemyMoveSpeed: 10
    explosionDamage: 0
    itemValue: 2
    itemTimeVariation: 0
    Hp: 12
    randomPool: lurdlurd82
    itemRandomPool: a
    id: 101
    AbsoluteTime: 160.1
    flagAlarm: 0
  - enemyType: 45
    enemySpawnTime: 0
    enemyMustache: 0
    enemyHP: 
    enemyDamage: 0
    enemyLane: 3
    enemyMoveSpeed: 10
    explosionDamage: 0
    itemValue: 1
    itemTimeVariation: 0
    Hp: 12
    randomPool: lurdlurd82
    itemRandomPool: a
    id: 102
    AbsoluteTime: 160.1
    flagAlarm: 0
  - enemyType: 4
    enemySpawnTime: 1
    enemyMustache: 0
    enemyHP: 
    enemyDamage: 0
    enemyLane: 0
    enemyMoveSpeed: 10
    explosionDamage: 0
    itemValue: 2
    itemTimeVariation: 0
    Hp: 18
    randomPool: lurdlurd82
    itemRandomPool: a
    id: 103
    AbsoluteTime: 161.1
    flagAlarm: 0
  - enemyType: 4
    enemySpawnTime: 0
    enemyMustache: 0
    enemyHP: 
    enemyDamage: 0
    enemyLane: 1
    enemyMoveSpeed: 10
    explosionDamage: 0
    itemValue: 2
    itemTimeVariation: 0
    Hp: 18
    randomPool: lurd82
    itemRandomPool: a
    id: 104
    AbsoluteTime: 161.1
    flagAlarm: 0
  - enemyType: 4
    enemySpawnTime: 0
    enemyMustache: 0
    enemyHP: 
    enemyDamage: 0
    enemyLane: 2
    enemyMoveSpeed: 10
    explosionDamage: 0
    itemValue: 2
    itemTimeVariation: 0
    Hp: 18
    randomPool: lurd8
    itemRandomPool: a
    id: 105
    AbsoluteTime: 161.1
    flagAlarm: 0
  - enemyType: 0
    enemySpawnTime: 1
    enemyMustache: 0
    enemyHP: 
    enemyDamage: 0
    enemyLane: 2
    enemyMoveSpeed: 10
    explosionDamage: 0
    itemValue: 2
    itemTimeVariation: 0
    Hp: 24
    randomPool: lurdur82
    itemRandomPool: a
    id: 106
    AbsoluteTime: 162.1
    flagAlarm: 0
  - enemyType: 1
    enemySpawnTime: 0
    enemyMustache: 0
    enemyHP: 
    enemyDamage: 0
    enemyLane: 3
    enemyMoveSpeed: 10
    explosionDamage: 0
    itemValue: 2
    itemTimeVariation: 0
    Hp: 24
    randomPool: lurdlurd82
    itemRandomPool: a
    id: 107
    AbsoluteTime: 162.1
    flagAlarm: 0
  - enemyType: 8
    enemySpawnTime: 7
    enemyMustache: 0
    enemyHP: 
    enemyDamage: 0
    enemyLane: 0
    enemyMoveSpeed: 10
    explosionDamage: 0
    itemValue: 2
    itemTimeVariation: 0
    Hp: 9
    randomPool: lurd
    itemRandomPool: a
    id: 108
    AbsoluteTime: 169.1
    flagAlarm: 0
  - enemyType: 8
    enemySpawnTime: 1.5
    enemyMustache: 0
    enemyHP: 
    enemyDamage: 0
    enemyLane: 3
    enemyMoveSpeed: 10
    explosionDamage: 0
    itemValue: 2
    itemTimeVariation: 0
    Hp: 9
    randomPool: lurd28
    itemRandomPool: a
    id: 109
    AbsoluteTime: 170.6
    flagAlarm: 0
  - enemyType: 8
    enemySpawnTime: 1.5
    enemyMustache: 0
    enemyHP: 
    enemyDamage: 0
    enemyLane: 1
    enemyMoveSpeed: 10
    explosionDamage: 0
    itemValue: 2
    itemTimeVariation: 0
    Hp: 9
    randomPool: lurd
    itemRandomPool: a
    id: 110
    AbsoluteTime: 172.1
    flagAlarm: 0
  - enemyType: 10
    enemySpawnTime: 0.3
    enemyMustache: 0
    enemyHP: 
    enemyDamage: 0
    enemyLane: 1
    enemyMoveSpeed: 10
    explosionDamage: 0
    itemValue: 2
    itemTimeVariation: 0
    Hp: 9
    randomPool: lurd
    itemRandomPool: a
    id: 111
    AbsoluteTime: 172.4
    flagAlarm: 0
  - enemyType: 10
    enemySpawnTime: 0.3
    enemyMustache: 0
    enemyHP: 
    enemyDamage: 0
    enemyLane: 2
    enemyMoveSpeed: 10
    explosionDamage: 0
    itemValue: 2
    itemTimeVariation: 0
    Hp: 9
    randomPool: lurd
    itemRandomPool: a
    id: 112
    AbsoluteTime: 172.7
    flagAlarm: 0
  - enemyType: 10
    enemySpawnTime: 0.3
    enemyMustache: 0
    enemyHP: 
    enemyDamage: 0
    enemyLane: 0
    enemyMoveSpeed: 10
    explosionDamage: 0
    itemValue: 2
    itemTimeVariation: 0
    Hp: 9
    randomPool: lurd
    itemRandomPool: a
    id: 113
    AbsoluteTime: 173
    flagAlarm: 0
  - enemyType: 10
    enemySpawnTime: 0.3
    enemyMustache: 0
    enemyHP: 
    enemyDamage: 0
    enemyLane: 3
    enemyMoveSpeed: 10
    explosionDamage: 0
    itemValue: 2
    itemTimeVariation: 0
    Hp: 9
    randomPool: lurd
    itemRandomPool: a
    id: 114
    AbsoluteTime: 173.3
    flagAlarm: 0
  - enemyType: 10
    enemySpawnTime: 0.3
    enemyMustache: 0
    enemyHP: 
    enemyDamage: 0
    enemyLane: 1
    enemyMoveSpeed: 10
    explosionDamage: 0
    itemValue: 2
    itemTimeVariation: 0
    Hp: 9
    randomPool: lurd
    itemRandomPool: a
    id: 115
    AbsoluteTime: 173.6001
    flagAlarm: 0
  - enemyType: 10
    enemySpawnTime: 0.3
    enemyMustache: 0
    enemyHP: 
    enemyDamage: 0
    enemyLane: 0
    enemyMoveSpeed: 10
    explosionDamage: 0
    itemValue: 2
    itemTimeVariation: 0
    Hp: 9
    randomPool: lurd
    itemRandomPool: a
    id: 116
    AbsoluteTime: 173.9001
    flagAlarm: 0
  - enemyType: 10
    enemySpawnTime: 0.3
    enemyMustache: 0
    enemyHP: 
    enemyDamage: 0
    enemyLane: 2
    enemyMoveSpeed: 10
    explosionDamage: 0
    itemValue: 2
    itemTimeVariation: 0
    Hp: 9
    randomPool: lurd
    itemRandomPool: a
    id: 117
    AbsoluteTime: 174.2001
    flagAlarm: 0
  - enemyType: 10
    enemySpawnTime: 0.3
    enemyMustache: 0
    enemyHP: 
    enemyDamage: 0
    enemyLane: 3
    enemyMoveSpeed: 10
    explosionDamage: 0
    itemValue: 2
    itemTimeVariation: 0
    Hp: 9
    randomPool: lurd
    itemRandomPool: a
    id: 118
    AbsoluteTime: 174.5001
    flagAlarm: 0
  - enemyType: 0
    enemySpawnTime: 6
    enemyMustache: 0
    enemyHP: 
    enemyDamage: 0
    enemyLane: 0
    enemyMoveSpeed: 10
    explosionDamage: 0
    itemValue: 2
    itemTimeVariation: 0
    Hp: 24
    randomPool: lurdlurd28
    itemRandomPool: a
    id: 119
    AbsoluteTime: 180.5001
    flagAlarm: 1
  - enemyType: 0
    enemySpawnTime: 2
    enemyMustache: 0
    enemyHP: 
    enemyDamage: 0
    enemyLane: 1
    enemyMoveSpeed: 10
    explosionDamage: 0
    itemValue: 2
    itemTimeVariation: 0
    Hp: 24
    randomPool: lurd
    itemRandomPool: a
    id: 120
    AbsoluteTime: 182.5001
    flagAlarm: 0
  - enemyType: 0
    enemySpawnTime: 1.5
    enemyMustache: 0
    enemyHP: 
    enemyDamage: 0
    enemyLane: 2
    enemyMoveSpeed: 10
    explosionDamage: 0
    itemValue: 2
    itemTimeVariation: 0
    Hp: 24
    randomPool: lurdlurd28
    itemRandomPool: a
    id: 121
    AbsoluteTime: 184.0001
    flagAlarm: 0
  - enemyType: 4
    enemySpawnTime: 1.5
    enemyMustache: 0
    enemyHP: 
    enemyDamage: 0
    enemyLane: 3
    enemyMoveSpeed: 10
    explosionDamage: 0
    itemValue: 2
    itemTimeVariation: 0
    Hp: 18
    randomPool: lurd2
    itemRandomPool: a
    id: 122
    AbsoluteTime: 185.5001
    flagAlarm: 0
  - enemyType: 4
    enemySpawnTime: 1
    enemyMustache: 0
    enemyHP: 
    enemyDamage: 0
    enemyLane: 0
    enemyMoveSpeed: 10
    explosionDamage: 0
    itemValue: 2
    itemTimeVariation: 0
    Hp: 18
    randomPool: lurd2
    itemRandomPool: a
    id: 123
    AbsoluteTime: 186.5001
    flagAlarm: 0
  - enemyType: 4
    enemySpawnTime: 0.5
    enemyMustache: 0
    enemyHP: 
    enemyDamage: 0
    enemyLane: 1
    enemyMoveSpeed: 10
    explosionDamage: 0
    itemValue: 2
    itemTimeVariation: 0
    Hp: 18
    randomPool: lurdlurd28
    itemRandomPool: a
    id: 124
    AbsoluteTime: 187.0001
    flagAlarm: 0
  - enemyType: 4
    enemySpawnTime: 0.5
    enemyMustache: 0
    enemyHP: '*8**2'
    enemyDamage: 0
    enemyLane: 2
    enemyMoveSpeed: 10
    explosionDamage: 0
    itemValue: 2
    itemTimeVariation: 0
    Hp: 18
    randomPool: lurd
    itemRandomPool: a
    id: 125
    AbsoluteTime: 187.5001
    flagAlarm: 0
  - enemyType: 4
    enemySpawnTime: 0.5
    enemyMustache: 0
    enemyHP: 
    enemyDamage: 0
    enemyLane: 3
    enemyMoveSpeed: 10
    explosionDamage: 0
    itemValue: 2
    itemTimeVariation: 0
    Hp: 18
    randomPool: lurd28
    itemRandomPool: a
    id: 126
    AbsoluteTime: 188.0001
    flagAlarm: 0
  - enemyType: 42
    enemySpawnTime: 4
    enemyMustache: 0
    enemyHP: 8
    enemyDamage: 0
    enemyLane: 3
    enemyMoveSpeed: 10
    explosionDamage: 0
    itemValue: 1
    itemTimeVariation: 0
    Hp: 15
    randomPool: lurd2828
    itemRandomPool: a
    id: 127
    AbsoluteTime: 192.0001
    flagAlarm: 0
  - enemyType: 10
    enemySpawnTime: 1
    enemyMustache: 0
    enemyHP: 8
    enemyDamage: 0
    enemyLane: 1
    enemyMoveSpeed: 10
    explosionDamage: 0
    itemValue: 2
    itemTimeVariation: 0
    Hp: 9
    randomPool: lurd28
    itemRandomPool: a
    id: 128
    AbsoluteTime: 193.0001
    flagAlarm: 0
  - enemyType: 8
    enemySpawnTime: 0.5
    enemyMustache: 0
    enemyHP: 2
    enemyDamage: 0
    enemyLane: 0
    enemyMoveSpeed: 10
    explosionDamage: 0
    itemValue: 2
    itemTimeVariation: 0
    Hp: 9
    randomPool: lurd28
    itemRandomPool: a
    id: 129
    AbsoluteTime: 193.5001
    flagAlarm: 0
  - enemyType: 8
    enemySpawnTime: 0
    enemyMustache: 0
    enemyHP: '*8'
    enemyDamage: 0
    enemyLane: 2
    enemyMoveSpeed: 10
    explosionDamage: 0
    itemValue: 2
    itemTimeVariation: 0
    Hp: 9
    randomPool: lurd28
    itemRandomPool: a
    id: 130
    AbsoluteTime: 193.5001
    flagAlarm: 0
  - enemyType: 8
    enemySpawnTime: 0
    enemyMustache: 0
    enemyHP: 
    enemyDamage: 0
    enemyLane: 3
    enemyMoveSpeed: 10
    explosionDamage: 0
    itemValue: 2
    itemTimeVariation: 0
    Hp: 9
    randomPool: lurd2
    itemRandomPool: a
    id: 131
    AbsoluteTime: 193.5001
    flagAlarm: 0
  - enemyType: 2
    enemySpawnTime: 3
    enemyMustache: 0
    enemyHP: 
    enemyDamage: 0
    enemyLane: 3
    enemyMoveSpeed: 10
    explosionDamage: 0
    itemValue: 2
    itemTimeVariation: 0
    Hp: 12
    randomPool: lurd
    itemRandomPool: a
    id: 132
    AbsoluteTime: 196.5001
    flagAlarm: 0
  - enemyType: 2
    enemySpawnTime: 0
    enemyMustache: 0
    enemyHP: 
    enemyDamage: 0
    enemyLane: 0
    enemyMoveSpeed: 10
    explosionDamage: 0
    itemValue: 2
    itemTimeVariation: 0
    Hp: 12
    randomPool: lurdlurd28
    itemRandomPool: a
    id: 133
    AbsoluteTime: 196.5001
    flagAlarm: 0
  - enemyType: 2
    enemySpawnTime: 0
    enemyMustache: 0
    enemyHP: 
    enemyDamage: 0
    enemyLane: 1
    enemyMoveSpeed: 10
    explosionDamage: 0
    itemValue: 2
    itemTimeVariation: 0
    Hp: 12
    randomPool: lurd2
    itemRandomPool: a
    id: 134
    AbsoluteTime: 196.5001
    flagAlarm: 0
  - enemyType: 1
    enemySpawnTime: 1.5
    enemyMustache: 0
    enemyHP: 
    enemyDamage: 0
    enemyLane: 1
    enemyMoveSpeed: 10
    explosionDamage: 0
    itemValue: 2
    itemTimeVariation: 0
    Hp: 24
    randomPool: lurd
    itemRandomPool: a
    id: 135
    AbsoluteTime: 198.0001
    flagAlarm: 0
  - enemyType: 1
    enemySpawnTime: 0
    enemyMustache: 0
    enemyHP: 8**28
    enemyDamage: 0
    enemyLane: 2
    enemyMoveSpeed: 10
    explosionDamage: 0
    itemValue: 2
    itemTimeVariation: 0
    Hp: 24
    randomPool: lurd
    itemRandomPool: a
    id: 136
    AbsoluteTime: 198.0001
    flagAlarm: 0
  - enemyType: 4
    enemySpawnTime: 0.5
    enemyMustache: 0
    enemyHP: 
    enemyDamage: 0
    enemyLane: 3
    enemyMoveSpeed: 10
    explosionDamage: 0
    itemValue: 2
    itemTimeVariation: 0
    Hp: 18
    randomPool: lurd
    itemRandomPool: a
    id: 137
    AbsoluteTime: 198.5001
    flagAlarm: 0
  - enemyType: 4
    enemySpawnTime: 1
    enemyMustache: 0
    enemyHP: 
    enemyDamage: 0
    enemyLane: 0
    enemyMoveSpeed: 10
    explosionDamage: 0
    itemValue: 2
    itemTimeVariation: 0
    Hp: 18
    randomPool: lurdlurd28
    itemRandomPool: a
    id: 138
    AbsoluteTime: 199.5001
    flagAlarm: 0
--- !u!114 &11473742
MonoBehaviour:
  m_ObjectHideFlags: 1
  m_PrefabParentObject: {fileID: 0}
  m_PrefabInternal: {fileID: 100100000}
  m_GameObject: {fileID: 117406}
  m_Enabled: 1
  m_EditorHideFlags: 0
  m_Script: {fileID: 11500000, guid: b35770897de0bcb46809566fd974b8e4, type: 3}
  m_Name: 
  m_EditorClassIdentifier: 
--- !u!1001 &100100000
Prefab:
  m_ObjectHideFlags: 1
  serializedVersion: 2
  m_Modification:
    m_TransformParent: {fileID: 0}
    m_Modifications: []
    m_RemovedComponents: []
  m_ParentPrefab: {fileID: 0}
  m_RootGameObject: {fileID: 117406}
  m_IsPrefabParent: 1
