%YAML 1.1
%TAG !u! tag:unity3d.com,2011:
--- !u!1 &103560
GameObject:
  m_ObjectHideFlags: 0
  m_PrefabParentObject: {fileID: 0}
  m_PrefabInternal: {fileID: 100100000}
  serializedVersion: 5
  m_Component:
  - component: {fileID: 441690}
  - component: {fileID: 11407900}
  - component: {fileID: 11432514}
  m_Layer: 0
  m_Name: Level 4-6 LD
  m_TagString: Untagged
  m_Icon: {fileID: 0}
  m_NavMeshLayer: 0
  m_StaticEditorFlags: 4294967295
  m_IsActive: 1
--- !u!4 &441690
Transform:
  m_ObjectHideFlags: 1
  m_PrefabParentObject: {fileID: 0}
  m_PrefabInternal: {fileID: 100100000}
  m_GameObject: {fileID: 103560}
  m_LocalRotation: {x: 0, y: 0, z: 0, w: 1}
  m_LocalPosition: {x: 0, y: 0, z: 0}
  m_LocalScale: {x: 1, y: 1, z: 1}
  m_Children: []
  m_Father: {fileID: 0}
  m_RootOrder: 0
  m_LocalEulerAnglesHint: {x: 0, y: 0, z: 0}
--- !u!114 &11407900
MonoBehaviour:
  m_ObjectHideFlags: 1
  m_PrefabParentObject: {fileID: 0}
  m_PrefabInternal: {fileID: 100100000}
  m_GameObject: {fileID: 103560}
  m_Enabled: 1
  m_EditorHideFlags: 0
  m_Script: {fileID: 11500000, guid: 0703be101c1d61e4593e64684f3ecc89, type: 3}
  m_Name: 
  m_EditorClassIdentifier: 
  Wave: 1c000000330000005d000000
  Story: 
  fatSpeed: 10
  fatDamage: 2
  fatMustacheDrop: 1
  fatHealth: 72
  thinSpeed: 6
  thinDamage: 2
  thinMustacheDrop: 1
  thinHealth: 48
  muscleSpeed: 8
  muscleDamage: 4
  muscleMustacheDrop: 2
  muscleHealth: 63
  giantSpeed: 30
  giantDamage: 20
  giantMustacheDrop: 20
  giantHealth: 360
  hfSpeed: 3.8
  hfDamage: 2
  hfMustacheDrop: 1
  hfHealth: 32
  hfxSpeed: 4.1
  hfxDamage: 8
  hfxMustacheDrop: 2
  hfxHealth: 32
  barrelSpeed: 8.1
  barrelDamage: 4
  barrelMustacheDrop: 3
  barrelHealth: 56
  barrelxSpeed: 7.5
  barrelxDamage: 8
  barrelxMustacheDrop: 3
  barrelxHealth: 48
  barrelqSpeed: 8.1
  barrelqDamage: 4
  barrelqMustacheDrop: 3
  barrelqHealth: 48
  hfStickyHealth: 2
  hfxExplosionDamage: 32
  barrelVulnerableTime: 1.5
  barrelXExplosionDamage: 32
  barrelXVulnerableTime: 1.4
  barrelQExplosionDamage: 32
  barrelQVulnerableTime: 1.7
  barrelQHedgehogDamage: 3
  Mustache: 90010000
  RandomChest: 
  Items: 7a000000
  FixedChest: []
  missesThresholdPercent: 90
  enemyList:
  - enemyType: 3
    enemySpawnTime: 2
    enemyMustache: 0
    enemyHP: 
    enemyDamage: 0
    enemyLane: 0
    enemyMoveSpeed: 0
    explosionDamage: 0
    itemValue: 0
    itemTimeVariation: 0
    Hp: 48
    randomPool: lurdlurd2468
    itemRandomPool: a
    id: 0
    AbsoluteTime: 2
    flagAlarm: 0
  - enemyType: 3
    enemySpawnTime: 2
    enemyMustache: 0
    enemyHP: 
    enemyDamage: 0
    enemyLane: 3
    enemyMoveSpeed: 0
    explosionDamage: 0
    itemValue: 0
    itemTimeVariation: 0
    Hp: 48
    randomPool: lurdlurd2468
    itemRandomPool: a
    id: 1
    AbsoluteTime: 4
    flagAlarm: 0
  - enemyType: 4
    enemySpawnTime: 2.1
    enemyMustache: 0
    enemyHP: 
    enemyDamage: 0
    enemyLane: 1
    enemyMoveSpeed: 0
    explosionDamage: 0
    itemValue: 0
    itemTimeVariation: 0
    Hp: 63
    randomPool: lurdlurd2468
    itemRandomPool: a
    id: 2
    AbsoluteTime: 6.1
    flagAlarm: 0
  - enemyType: 4
    enemySpawnTime: 1.7
    enemyMustache: 0
    enemyHP: 
    enemyDamage: 0
    enemyLane: 2
    enemyMoveSpeed: 0
    explosionDamage: 0
    itemValue: 0
    itemTimeVariation: 0
    Hp: 63
    randomPool: lurdlurd2468
    itemRandomPool: a
    id: 3
    AbsoluteTime: 7.8
    flagAlarm: 0
  - enemyType: 42
    enemySpawnTime: 1
    enemyMustache: 0
    enemyHP: 
    enemyDamage: 0
    enemyLane: 2
    enemyMoveSpeed: 5.2
    explosionDamage: 0
    itemValue: 3
    itemTimeVariation: 0
    Hp: 14
    randomPool: lurdlurd2468
    itemRandomPool: a
    id: 4
    AbsoluteTime: 8.8
    flagAlarm: 0
  - enemyType: 1
    enemySpawnTime: 2.5
    enemyMustache: 0
    enemyHP: 
    enemyDamage: 0
    enemyLane: 0
    enemyMoveSpeed: 6
    explosionDamage: 0
    itemValue: 3
    itemTimeVariation: 0
    Hp: 72
    randomPool: lurdlurd2468
    itemRandomPool: a
    id: 5
    AbsoluteTime: 11.3
    flagAlarm: 0
  - enemyType: 8
    enemySpawnTime: 1.5
    enemyMustache: 0
    enemyHP: 
    enemyDamage: 0
    enemyLane: 3
    enemyMoveSpeed: 6
    explosionDamage: 0
    itemValue: 3
    itemTimeVariation: 0
    Hp: 32
    randomPool: lurdlurd2468
    itemRandomPool: a
    id: 6
    AbsoluteTime: 12.8
    flagAlarm: 0
  - enemyType: 5
    enemySpawnTime: 2.5
    enemyMustache: 0
    enemyHP: 
    enemyDamage: 0
    enemyLane: 2
    enemyMoveSpeed: 6
    explosionDamage: 0
    itemValue: 3
    itemTimeVariation: 0
    Hp: 63
    randomPool: lurdlurd2468
    itemRandomPool: a
    id: 7
    AbsoluteTime: 15.3
    flagAlarm: 0
  - enemyType: 16
    enemySpawnTime: 0
    enemyMustache: 0
    enemyHP: 
    enemyDamage: 0
    enemyLane: 3
    enemyMoveSpeed: 6
    explosionDamage: 0
    itemValue: 3
    itemTimeVariation: 0
    Hp: 48
    randomPool: lurdlurd2468
    itemRandomPool: a
    id: 8
    AbsoluteTime: 15.3
    flagAlarm: 0
  - enemyType: 2
    enemySpawnTime: 2
    enemyMustache: 0
    enemyHP: 
    enemyDamage: 0
    enemyLane: 1
    enemyMoveSpeed: 6
    explosionDamage: 0
    itemValue: 3
    itemTimeVariation: 0
    Hp: 48
    randomPool: lurdlurd2468
    itemRandomPool: a
    id: 9
    AbsoluteTime: 17.3
    flagAlarm: 0
  - enemyType: 0
    enemySpawnTime: 0
    enemyMustache: 0
    enemyHP: 
    enemyDamage: 0
    enemyLane: 0
    enemyMoveSpeed: 6
    explosionDamage: 0
    itemValue: 3
    itemTimeVariation: 0
    Hp: 72
    randomPool: lurdlurd2468
    itemRandomPool: a
    id: 10
    AbsoluteTime: 17.3
    flagAlarm: 0
  - enemyType: 45
    enemySpawnTime: 0
    enemyMustache: 0
    enemyHP: 
    enemyDamage: 0
    enemyLane: 2
    enemyMoveSpeed: 8
    explosionDamage: 0
    itemValue: 2
    itemTimeVariation: 0
    Hp: 40
    randomPool: lurdlurd2468
    itemRandomPool: a
    id: 11
    AbsoluteTime: 17.3
    flagAlarm: 0
  - enemyType: 16
    enemySpawnTime: 2.2
    enemyMustache: 0
    enemyHP: 
    enemyDamage: 0
    enemyLane: 0
    enemyMoveSpeed: 6
    explosionDamage: 0
    itemValue: 3
    itemTimeVariation: 0
    Hp: 48
    randomPool: lurdlurd2468
    itemRandomPool: a
    id: 12
    AbsoluteTime: 19.5
    flagAlarm: 0
  - enemyType: 1
    enemySpawnTime: 0
    enemyMustache: 0
    enemyHP: 
    enemyDamage: 0
    enemyLane: 2
    enemyMoveSpeed: 6
    explosionDamage: 0
    itemValue: 3
    itemTimeVariation: 0
    Hp: 72
    randomPool: lurdlurd2468
    itemRandomPool: a
    id: 13
    AbsoluteTime: 19.5
    flagAlarm: 0
  - enemyType: 41
    enemySpawnTime: 8
    enemyMustache: 0
    enemyHP: 
    enemyDamage: 0
    enemyLane: 3
    enemyMoveSpeed: 8
    explosionDamage: 0
    itemValue: 3
    itemTimeVariation: 0
    Hp: 40
    randomPool: lurdlurd2468
    itemRandomPool: a
    id: 14
    AbsoluteTime: 27.5
    flagAlarm: 0
  - enemyType: 6
    enemySpawnTime: 6
    enemyMustache: 0
    enemyHP: 
    enemyDamage: 0
    enemyLane: 0
    enemyMoveSpeed: 6
    explosionDamage: 0
    itemValue: 3
    itemTimeVariation: 0
    Hp: 360
    randomPool: lurdlurd2468
    itemRandomPool: a
    id: 15
    AbsoluteTime: 33.5
    flagAlarm: 0
  - enemyType: 8
    enemySpawnTime: 2
    enemyMustache: 0
    enemyHP: 
    enemyDamage: 0
    enemyLane: 1
    enemyMoveSpeed: 6
    explosionDamage: 0
    itemValue: 3
    itemTimeVariation: 0
    Hp: 32
    randomPool: lurdlurd2468
    itemRandomPool: a
    id: 16
    AbsoluteTime: 35.5
    flagAlarm: 0
  - enemyType: 16
    enemySpawnTime: 2
    enemyMustache: 0
    enemyHP: 
    enemyDamage: 0
    enemyLane: 3
    enemyMoveSpeed: 6
    explosionDamage: 0
    itemValue: 3
    itemTimeVariation: 0
    Hp: 48
    randomPool: lurdlurd2468
    itemRandomPool: a
    id: 17
    AbsoluteTime: 37.5
    flagAlarm: 0
  - enemyType: 3
    enemySpawnTime: 2
    enemyMustache: 0
    enemyHP: 
    enemyDamage: 0
    enemyLane: 2
    enemyMoveSpeed: 6
    explosionDamage: 0
    itemValue: 3
    itemTimeVariation: 0
    Hp: 48
    randomPool: lurdlurd2468
    itemRandomPool: a
    id: 18
    AbsoluteTime: 39.5
    flagAlarm: 0
  - enemyType: 2
    enemySpawnTime: 3.5
    enemyMustache: 0
    enemyHP: 
    enemyDamage: 0
    enemyLane: 1
    enemyMoveSpeed: 6
    explosionDamage: 0
    itemValue: 3
    itemTimeVariation: 0
    Hp: 48
    randomPool: lurdlurd2468
    itemRandomPool: a
    id: 19
    AbsoluteTime: 43
    flagAlarm: 0
  - enemyType: 6
    enemySpawnTime: 3.5
    enemyMustache: 0
    enemyHP: 
    enemyDamage: 0
    enemyLane: 2
    enemyMoveSpeed: 6
    explosionDamage: 0
    itemValue: 3
    itemTimeVariation: 0
    Hp: 360
    randomPool: lurdlurd2468
    itemRandomPool: a
    id: 20
    AbsoluteTime: 46.5
    flagAlarm: 0
  - enemyType: 48
    enemySpawnTime: 0
    enemyMustache: 0
    enemyHP: 
    enemyDamage: 0
    enemyLane: 1
    enemyMoveSpeed: 8
    explosionDamage: 0
    itemValue: 3
    itemTimeVariation: 0
    Hp: 40
    randomPool: lurdlurd2468
    itemRandomPool: a
    id: 21
    AbsoluteTime: 46.5
    flagAlarm: 0
  - enemyType: 4
    enemySpawnTime: 2
    enemyMustache: 0
    enemyHP: 
    enemyDamage: 0
    enemyLane: 1
    enemyMoveSpeed: 8
    explosionDamage: 0
    itemValue: 3
    itemTimeVariation: 0
    Hp: 63
    randomPool: lurdlurd2468
    itemRandomPool: a
    id: 22
    AbsoluteTime: 48.5
    flagAlarm: 0
  - enemyType: 16
    enemySpawnTime: 2
    enemyMustache: 0
    enemyHP: 
    enemyDamage: 0
    enemyLane: 3
    enemyMoveSpeed: 8
    explosionDamage: 0
    itemValue: 3
    itemTimeVariation: 0
    Hp: 48
    randomPool: lurdlurd2468
    itemRandomPool: a
    id: 23
    AbsoluteTime: 50.5
    flagAlarm: 0
  - enemyType: 45
    enemySpawnTime: 0
    enemyMustache: 0
    enemyHP: 
    enemyDamage: 0
    enemyLane: 2
    enemyMoveSpeed: 8
    explosionDamage: 0
    itemValue: 3
    itemTimeVariation: 0
    Hp: 40
    randomPool: lurdlurd2468
    itemRandomPool: a
    id: 24
    AbsoluteTime: 50.5
    flagAlarm: 0
  - enemyType: 1
    enemySpawnTime: 3
    enemyMustache: 0
    enemyHP: 
    enemyDamage: 0
    enemyLane: 1
    enemyMoveSpeed: 8
    explosionDamage: 0
    itemValue: 3
    itemTimeVariation: 0
    Hp: 72
    randomPool: lurdlurd2468
    itemRandomPool: a
    id: 25
    AbsoluteTime: 53.5
    flagAlarm: 0
  - enemyType: 0
    enemySpawnTime: 3
    enemyMustache: 0
    enemyHP: 
    enemyDamage: 0
    enemyLane: 0
    enemyMoveSpeed: 8
    explosionDamage: 0
    itemValue: 3
    itemTimeVariation: 0
    Hp: 72
    randomPool: lurdlurd2468
    itemRandomPool: a
    id: 26
    AbsoluteTime: 56.5
    flagAlarm: 0
  - enemyType: 40
    enemySpawnTime: 16
    enemyMustache: 0
    enemyHP: 
    enemyDamage: 0
    enemyLane: 1
    enemyMoveSpeed: 8
    explosionDamage: 0
    itemValue: 2
    itemTimeVariation: 0
    Hp: 40
    randomPool: lurdlurd2468
    itemRandomPool: a
    id: 27
    AbsoluteTime: 72.5
    flagAlarm: 0
  - enemyType: 0
    enemySpawnTime: 6.5
    enemyMustache: 0
    enemyHP: 
    enemyDamage: 0
    enemyLane: 1
    enemyMoveSpeed: 8
    explosionDamage: 0
    itemValue: 2
    itemTimeVariation: 0
    Hp: 72
    randomPool: lurdlurd2468
    itemRandomPool: a
    id: 28
    AbsoluteTime: 79
    flagAlarm: 1
  - enemyType: 3
    enemySpawnTime: 2.2
    enemyMustache: 0
    enemyHP: 
    enemyDamage: 0
    enemyLane: 2
    enemyMoveSpeed: 8
    explosionDamage: 0
    itemValue: 2
    itemTimeVariation: 0
    Hp: 48
    randomPool: lurdlurd28
    itemRandomPool: a
    id: 29
    AbsoluteTime: 81.2
    flagAlarm: 0
  - enemyType: 2
    enemySpawnTime: 0
    enemyMustache: 0
    enemyHP: 
    enemyDamage: 0
    enemyLane: 3
    enemyMoveSpeed: 8
    explosionDamage: 0
    itemValue: 2
    itemTimeVariation: 0
    Hp: 48
    randomPool: lurdlurd2468
    itemRandomPool: a
    id: 30
    AbsoluteTime: 81.2
    flagAlarm: 0
  - enemyType: 5
    enemySpawnTime: 2.2
    enemyMustache: 0
    enemyHP: 
    enemyDamage: 0
    enemyLane: 0
    enemyMoveSpeed: 8
    explosionDamage: 0
    itemValue: 2
    itemTimeVariation: 0
    Hp: 63
    randomPool: lurdlurd246
    itemRandomPool: a
    id: 31
    AbsoluteTime: 83.39999
    flagAlarm: 0
  - enemyType: 1
    enemySpawnTime: 2.2
    enemyMustache: 0
    enemyHP: 
    enemyDamage: 0
    enemyLane: 1
    enemyMoveSpeed: 8
    explosionDamage: 0
    itemValue: 2
    itemTimeVariation: 0
    Hp: 72
    randomPool: lurdlurd248
    itemRandomPool: a
    id: 32
    AbsoluteTime: 85.59999
    flagAlarm: 0
  - enemyType: 8
    enemySpawnTime: 1.6
    enemyMustache: 0
    enemyHP: 
    enemyDamage: 0
    enemyLane: 2
    enemyMoveSpeed: 8
    explosionDamage: 0
    itemValue: 2
    itemTimeVariation: 0
    Hp: 32
    randomPool: lurdlurd28
    itemRandomPool: a
    id: 33
    AbsoluteTime: 87.19999
    flagAlarm: 0
  - enemyType: 4
    enemySpawnTime: 2.2
    enemyMustache: 0
    enemyHP: 
    enemyDamage: 0
    enemyLane: 0
    enemyMoveSpeed: 8
    explosionDamage: 0
    itemValue: 2
    itemTimeVariation: 0
    Hp: 63
    randomPool: lurdlurd468
    itemRandomPool: a
    id: 34
    AbsoluteTime: 89.39999
    flagAlarm: 0
  - enemyType: 3
    enemySpawnTime: 0
    enemyMustache: 0
    enemyHP: 
    enemyDamage: 0
    enemyLane: 3
    enemyMoveSpeed: 8
    explosionDamage: 0
    itemValue: 2
    itemTimeVariation: 0
    Hp: 48
    randomPool: lurdlurd268
    itemRandomPool: a
    id: 35
    AbsoluteTime: 89.39999
    flagAlarm: 0
  - enemyType: 5
    enemySpawnTime: 2.2
    enemyMustache: 0
    enemyHP: 
    enemyDamage: 0
    enemyLane: 2
    enemyMoveSpeed: 8
    explosionDamage: 0
    itemValue: 2
    itemTimeVariation: 0
    Hp: 63
    randomPool: lurdlurd268
    itemRandomPool: a
    id: 36
    AbsoluteTime: 91.59998
    flagAlarm: 0
  - enemyType: 2
    enemySpawnTime: 1.5
    enemyMustache: 0
    enemyHP: 
    enemyDamage: 0
    enemyLane: 3
    enemyMoveSpeed: 8
    explosionDamage: 0
    itemValue: 2
    itemTimeVariation: 0
    Hp: 48
    randomPool: lurdlurd8
    itemRandomPool: a
    id: 37
    AbsoluteTime: 93.09998
    flagAlarm: 0
  - enemyType: 42
    enemySpawnTime: 1
    enemyMustache: 0
    enemyHP: 
    enemyDamage: 0
    enemyLane: 3
    enemyMoveSpeed: 6
    explosionDamage: 0
    itemValue: 2
    itemTimeVariation: 0
    Hp: 24
    randomPool: lurdlurd2468
    itemRandomPool: a
    id: 38
    AbsoluteTime: 94.09998
    flagAlarm: 0
  - enemyType: 0
    enemySpawnTime: 1.2
    enemyMustache: 0
    enemyHP: 
    enemyDamage: 0
    enemyLane: 2
    enemyMoveSpeed: 8
    explosionDamage: 0
    itemValue: 2
    itemTimeVariation: 0
    Hp: 72
    randomPool: lurdlurd2468
    itemRandomPool: a
    id: 39
    AbsoluteTime: 95.29998
    flagAlarm: 0
  - enemyType: 1
    enemySpawnTime: 1.2
    enemyMustache: 0
    enemyHP: 
    enemyDamage: 0
    enemyLane: 1
    enemyMoveSpeed: 8
    explosionDamage: 0
    itemValue: 2
    itemTimeVariation: 0
    Hp: 72
    randomPool: lurdlurd2468
    itemRandomPool: a
    id: 40
    AbsoluteTime: 96.49998
    flagAlarm: 0
  - enemyType: 2
    enemySpawnTime: 2.5
    enemyMustache: 0
    enemyHP: 
    enemyDamage: 0
    enemyLane: 3
    enemyMoveSpeed: 8
    explosionDamage: 0
    itemValue: 2
    itemTimeVariation: 0
    Hp: 48
    randomPool: lurdlurd2468
    itemRandomPool: a
    id: 41
    AbsoluteTime: 98.99998
    flagAlarm: 0
  - enemyType: 8
    enemySpawnTime: 0
    enemyMustache: 0
    enemyHP: 
    enemyDamage: 0
    enemyLane: 0
    enemyMoveSpeed: 8
    explosionDamage: 0
    itemValue: 2
    itemTimeVariation: 0
    Hp: 32
    randomPool: lurdlurd2468
    itemRandomPool: a
    id: 42
    AbsoluteTime: 98.99998
    flagAlarm: 0
  - enemyType: 16
    enemySpawnTime: 8.5
    enemyMustache: 0
    enemyHP: 
    enemyDamage: 0
    enemyLane: 0
    enemyMoveSpeed: 8
    explosionDamage: 0
    itemValue: 2
    itemTimeVariation: 0
    Hp: 48
    randomPool: lurdlurd2468
    itemRandomPool: a
    id: 43
    AbsoluteTime: 107.5
    flagAlarm: 0
  - enemyType: 16
    enemySpawnTime: 4
    enemyMustache: 0
    enemyHP: 
    enemyDamage: 0
    enemyLane: 3
    enemyMoveSpeed: 8
    explosionDamage: 0
    itemValue: 2
    itemTimeVariation: 0
    Hp: 48
    randomPool: lurdlurd2468
    itemRandomPool: a
    id: 44
    AbsoluteTime: 111.5
    flagAlarm: 0
  - enemyType: 0
    enemySpawnTime: 0
    enemyMustache: 0
    enemyHP: 
    enemyDamage: 0
    enemyLane: 2
    enemyMoveSpeed: 8
    explosionDamage: 0
    itemValue: 2
    itemTimeVariation: 0
    Hp: 72
    randomPool: lurdlurd2468
    itemRandomPool: a
    id: 45
    AbsoluteTime: 111.5
    flagAlarm: 0
  - enemyType: 44
    enemySpawnTime: 1.5
    enemyMustache: 0
    enemyHP: 
    enemyDamage: 0
    enemyLane: 0
    enemyMoveSpeed: 8
    explosionDamage: 0
    itemValue: 2
    itemTimeVariation: 0
    Hp: 40
    randomPool: lurdlurd2468
    itemRandomPool: a
    id: 46
    AbsoluteTime: 113
    flagAlarm: 0
  - enemyType: 8
    enemySpawnTime: 2.5
    enemyMustache: 0
    enemyHP: 
    enemyDamage: 0
    enemyLane: 1
    enemyMoveSpeed: 8
    explosionDamage: 0
    itemValue: 2
    itemTimeVariation: 0
    Hp: 32
    randomPool: lurdlurd2468
    itemRandomPool: a
    id: 47
    AbsoluteTime: 115.5
    flagAlarm: 0
  - enemyType: 1
    enemySpawnTime: 2
    enemyMustache: 0
    enemyHP: 
    enemyDamage: 0
    enemyLane: 2
    enemyMoveSpeed: 8
    explosionDamage: 0
    itemValue: 2
    itemTimeVariation: 0
    Hp: 72
    randomPool: lurdlurd2468
    itemRandomPool: a
    id: 48
    AbsoluteTime: 117.5
    flagAlarm: 0
  - enemyType: 3
    enemySpawnTime: 2
    enemyMustache: 0
    enemyHP: 
    enemyDamage: 0
    enemyLane: 1
    enemyMoveSpeed: 8
    explosionDamage: 0
    itemValue: 2
    itemTimeVariation: 0
    Hp: 48
    randomPool: lurdlurd2468
    itemRandomPool: a
    id: 49
    AbsoluteTime: 119.5
    flagAlarm: 0
  - enemyType: 43
    enemySpawnTime: 5.5
    enemyMustache: 0
    enemyHP: 
    enemyDamage: 0
    enemyLane: 1
    enemyMoveSpeed: 8
    explosionDamage: 0
    itemValue: 3
    itemTimeVariation: 0
    Hp: 40
    randomPool: lurdlurd2468
    itemRandomPool: a
    id: 50
    AbsoluteTime: 125
    flagAlarm: 0
  - enemyType: 8
    enemySpawnTime: 8
    enemyMustache: 0
    enemyHP: 
    enemyDamage: 0
    enemyLane: 1
    enemyMoveSpeed: 8
    explosionDamage: 0
    itemValue: 3
    itemTimeVariation: 0
    Hp: 32
    randomPool: lurdlurd2468
    itemRandomPool: a
    id: 51
    AbsoluteTime: 133
    flagAlarm: 1
  - enemyType: 8
    enemySpawnTime: 0
    enemyMustache: 0
    enemyHP: 
    enemyDamage: 0
    enemyLane: 2
    enemyMoveSpeed: 8
    explosionDamage: 0
    itemValue: 3
    itemTimeVariation: 0
    Hp: 32
    randomPool: lurdlurd2468
    itemRandomPool: a
    id: 52
    AbsoluteTime: 133
    flagAlarm: 0
  - enemyType: 6
    enemySpawnTime: 2
    enemyMustache: 0
    enemyHP: 
    enemyDamage: 0
    enemyLane: 3
    enemyMoveSpeed: 8
    explosionDamage: 0
    itemValue: 3
    itemTimeVariation: 0
    Hp: 360
    randomPool: lurdlurd248
    itemRandomPool: a
    id: 53
    AbsoluteTime: 135
    flagAlarm: 0
  - enemyType: 6
    enemySpawnTime: 0
    enemyMustache: 0
    enemyHP: 
    enemyDamage: 0
    enemyLane: 0
    enemyMoveSpeed: 8
    explosionDamage: 0
    itemValue: 3
    itemTimeVariation: 0
    Hp: 360
    randomPool: lurdlurd248
    itemRandomPool: a
    id: 54
    AbsoluteTime: 135
    flagAlarm: 0
  - enemyType: 2
    enemySpawnTime: 3.5
    enemyMustache: 0
    enemyHP: 
    enemyDamage: 0
    enemyLane: 1
    enemyMoveSpeed: 8
    explosionDamage: 0
    itemValue: 3
    itemTimeVariation: 0
    Hp: 48
    randomPool: lurdlurd2468
    itemRandomPool: a
    id: 55
    AbsoluteTime: 138.5
    flagAlarm: 0
  - enemyType: 2
    enemySpawnTime: 0
    enemyMustache: 0
    enemyHP: 
    enemyDamage: 0
    enemyLane: 2
    enemyMoveSpeed: 8
    explosionDamage: 0
    itemValue: 3
    itemTimeVariation: 0
    Hp: 48
    randomPool: lurdlurd2468
    itemRandomPool: a
    id: 56
    AbsoluteTime: 138.5
    flagAlarm: 0
  - enemyType: 4
    enemySpawnTime: 5
    enemyMustache: 0
    enemyHP: 
    enemyDamage: 0
    enemyLane: 2
    enemyMoveSpeed: 8
    explosionDamage: 0
    itemValue: 3
    itemTimeVariation: 0
    Hp: 63
    randomPool: lurdlurd2468
    itemRandomPool: a
    id: 57
    AbsoluteTime: 143.5
    flagAlarm: 0
  - enemyType: 4
    enemySpawnTime: 0
    enemyMustache: 0
    enemyHP: 
    enemyDamage: 0
    enemyLane: 1
    enemyMoveSpeed: 8
    explosionDamage: 0
    itemValue: 3
    itemTimeVariation: 0
    Hp: 63
    randomPool: lurdlurd2468
    itemRandomPool: a
    id: 58
    AbsoluteTime: 143.5
    flagAlarm: 0
  - enemyType: 48
    enemySpawnTime: 10
    enemyMustache: 0
    enemyHP: 
    enemyDamage: 0
    enemyLane: 3
    enemyMoveSpeed: 8
    explosionDamage: 0
    itemValue: 2
    itemTimeVariation: 0
    Hp: 40
    randomPool: lurdlurd2468
    itemRandomPool: a
    id: 59
    AbsoluteTime: 153.5
    flagAlarm: 0
  - enemyType: 45
    enemySpawnTime: 1
    enemyMustache: 0
    enemyHP: 
    enemyDamage: 0
    enemyLane: 0
    enemyMoveSpeed: 8
    explosionDamage: 0
    itemValue: 3
    itemTimeVariation: 0
    Hp: 40
    randomPool: lurdlurd2468
    itemRandomPool: a
    id: 60
    AbsoluteTime: 154.5
    flagAlarm: 0
  - enemyType: 47
    enemySpawnTime: 12
    enemyMustache: 0
    enemyHP: 
    enemyDamage: 0
    enemyLane: 1
    enemyMoveSpeed: 13
    explosionDamage: 0
    itemValue: 3
    itemTimeVariation: 0
    Hp: 60
    randomPool: lurdlurd2468
    itemRandomPool: a
    id: 61
    AbsoluteTime: 166.5
    flagAlarm: 0
  - enemyType: 5
    enemySpawnTime: 13
    enemyMustache: 0
    enemyHP: 
    enemyDamage: 0
    enemyLane: 3
    enemyMoveSpeed: 8
    explosionDamage: 0
    itemValue: 3
    itemTimeVariation: 0
    Hp: 63
    randomPool: lurdlurd2468
    itemRandomPool: a
    id: 62
    AbsoluteTime: 179.5
    flagAlarm: 0
  - enemyType: 5
    enemySpawnTime: 0
    enemyMustache: 0
    enemyHP: 
    enemyDamage: 0
    enemyLane: 2
    enemyMoveSpeed: 8
    explosionDamage: 0
    itemValue: 3
    itemTimeVariation: 0
    Hp: 63
    randomPool: lurdlurd2468
    itemRandomPool: a
    id: 63
    AbsoluteTime: 179.5
    flagAlarm: 0
  - enemyType: 5
    enemySpawnTime: 0
    enemyMustache: 0
    enemyHP: 
    enemyDamage: 0
    enemyLane: 1
    enemyMoveSpeed: 8
    explosionDamage: 0
    itemValue: 3
    itemTimeVariation: 0
    Hp: 63
    randomPool: lurdlurd2468
    itemRandomPool: a
    id: 64
    AbsoluteTime: 179.5
    flagAlarm: 0
  - enemyType: 10
    enemySpawnTime: 2
    enemyMustache: 0
    enemyHP: 
    enemyDamage: 0
    enemyLane: 0
    enemyMoveSpeed: 8
    explosionDamage: 0
    itemValue: 3
    itemTimeVariation: 0
    Hp: 32
    randomPool: lurdlurd2468
    itemRandomPool: a
    id: 65
    AbsoluteTime: 181.5
    flagAlarm: 0
  - enemyType: 40
    enemySpawnTime: 5
    enemyMustache: 0
    enemyHP: 
    enemyDamage: 0
    enemyLane: 1
    enemyMoveSpeed: 8
    explosionDamage: 0
    itemValue: 3
    itemTimeVariation: 0
    Hp: 40
    randomPool: lurdlurd2468
    itemRandomPool: a
    id: 66
    AbsoluteTime: 186.5
    flagAlarm: 0
  - enemyType: 41
    enemySpawnTime: 4
    enemyMustache: 0
    enemyHP: 
    enemyDamage: 0
    enemyLane: 2
    enemyMoveSpeed: 8
    explosionDamage: 0
    itemValue: 3
    itemTimeVariation: 0
    Hp: 40
    randomPool: lurdlurd2468
    itemRandomPool: a
    id: 67
    AbsoluteTime: 190.5
    flagAlarm: 0
  - enemyType: 8
    enemySpawnTime: 5.5
    enemyMustache: 0
    enemyHP: 
    enemyDamage: 0
    enemyLane: 0
    enemyMoveSpeed: 8
    explosionDamage: 0
    itemValue: 3
    itemTimeVariation: 0
    Hp: 32
    randomPool: lurdlurd2468
    itemRandomPool: a
    id: 68
    AbsoluteTime: 196
    flagAlarm: 0
  - enemyType: 8
    enemySpawnTime: 0
    enemyMustache: 0
    enemyHP: 
    enemyDamage: 0
    enemyLane: 1
    enemyMoveSpeed: 8
    explosionDamage: 0
    itemValue: 3
    itemTimeVariation: 0
    Hp: 32
    randomPool: lurdlurd2468
    itemRandomPool: a
    id: 69
    AbsoluteTime: 196
    flagAlarm: 0
  - enemyType: 8
    enemySpawnTime: 0
    enemyMustache: 0
    enemyHP: 
    enemyDamage: 0
    enemyLane: 2
    enemyMoveSpeed: 8
    explosionDamage: 0
    itemValue: 3
    itemTimeVariation: 0
    Hp: 32
    randomPool: lurdlurd2468
    itemRandomPool: a
    id: 70
    AbsoluteTime: 196
    flagAlarm: 0
  - enemyType: 8
    enemySpawnTime: 0
    enemyMustache: 0
    enemyHP: 
    enemyDamage: 0
    enemyLane: 3
    enemyMoveSpeed: 8
    explosionDamage: 0
    itemValue: 3
    itemTimeVariation: 0
    Hp: 32
    randomPool: lurdlurd2468
    itemRandomPool: a
    id: 71
    AbsoluteTime: 196
    flagAlarm: 0
  - enemyType: 5
    enemySpawnTime: 3
    enemyMustache: 0
    enemyHP: 
    enemyDamage: 0
    enemyLane: 3
    enemyMoveSpeed: 8
    explosionDamage: 0
    itemValue: 3
    itemTimeVariation: 0
    Hp: 63
    randomPool: lurdlurd2468
    itemRandomPool: a
    id: 72
    AbsoluteTime: 199
    flagAlarm: 0
  - enemyType: 5
    enemySpawnTime: 1.5
    enemyMustache: 0
    enemyHP: 
    enemyDamage: 0
    enemyLane: 2
    enemyMoveSpeed: 8
    explosionDamage: 0
    itemValue: 3
    itemTimeVariation: 0
    Hp: 63
    randomPool: lurdlurd2468
    itemRandomPool: a
    id: 73
    AbsoluteTime: 200.5
    flagAlarm: 0
  - enemyType: 4
    enemySpawnTime: 1.5
    enemyMustache: 0
    enemyHP: 
    enemyDamage: 0
    enemyLane: 1
    enemyMoveSpeed: 8
    explosionDamage: 0
    itemValue: 3
    itemTimeVariation: 0
    Hp: 63
    randomPool: lurdlurd2468
    itemRandomPool: a
    id: 74
    AbsoluteTime: 202
    flagAlarm: 0
  - enemyType: 4
    enemySpawnTime: 1.5
    enemyMustache: 0
    enemyHP: 
    enemyDamage: 0
    enemyLane: 0
    enemyMoveSpeed: 8
    explosionDamage: 0
    itemValue: 3
    itemTimeVariation: 0
    Hp: 63
    randomPool: lurdlurd2468
    itemRandomPool: a
    id: 75
    AbsoluteTime: 203.5
    flagAlarm: 0
  - enemyType: 1
    enemySpawnTime: 6.8
    enemyMustache: 0
    enemyHP: 
    enemyDamage: 0
    enemyLane: 0
    enemyMoveSpeed: 8
    explosionDamage: 0
    itemValue: 3
    itemTimeVariation: 0
    Hp: 72
    randomPool: lurdlurd2468
    itemRandomPool: a
    id: 76
    AbsoluteTime: 210.3
    flagAlarm: 0
  - enemyType: 1
    enemySpawnTime: 1.5
    enemyMustache: 0
    enemyHP: 
    enemyDamage: 0
    enemyLane: 1
    enemyMoveSpeed: 8
    explosionDamage: 0
    itemValue: 3
    itemTimeVariation: 0
    Hp: 72
    randomPool: lurdlurd2468
    itemRandomPool: a
    id: 77
    AbsoluteTime: 211.8
    flagAlarm: 0
  - enemyType: 0
    enemySpawnTime: 1.5
    enemyMustache: 0
    enemyHP: 
    enemyDamage: 0
    enemyLane: 2
    enemyMoveSpeed: 8
    explosionDamage: 0
    itemValue: 3
    itemTimeVariation: 0
    Hp: 72
    randomPool: lurdlurd2468
    itemRandomPool: a
    id: 78
    AbsoluteTime: 213.3
    flagAlarm: 0
  - enemyType: 0
    enemySpawnTime: 1.5
    enemyMustache: 0
    enemyHP: 
    enemyDamage: 0
    enemyLane: 3
    enemyMoveSpeed: 8
    explosionDamage: 0
    itemValue: 3
    itemTimeVariation: 0
    Hp: 72
    randomPool: lurdlurd2468
    itemRandomPool: a
    id: 79
    AbsoluteTime: 214.8
    flagAlarm: 0
  - enemyType: 16
    enemySpawnTime: 8.5
    enemyMustache: 0
    enemyHP: 
    enemyDamage: 0
    enemyLane: 3
    enemyMoveSpeed: 8
    explosionDamage: 0
    itemValue: 3
    itemTimeVariation: 0
    Hp: 48
    randomPool: lurdlurd2468
    itemRandomPool: a
    id: 80
    AbsoluteTime: 223.3
    flagAlarm: 0
  - enemyType: 16
    enemySpawnTime: 2
    enemyMustache: 0
    enemyHP: 
    enemyDamage: 0
    enemyLane: 2
    enemyMoveSpeed: 8
    explosionDamage: 0
    itemValue: 3
    itemTimeVariation: 0
    Hp: 48
    randomPool: lurdlurd2468
    itemRandomPool: a
    id: 81
    AbsoluteTime: 225.3
    flagAlarm: 0
  - enemyType: 16
    enemySpawnTime: 2
    enemyMustache: 0
    enemyHP: 
    enemyDamage: 0
    enemyLane: 1
    enemyMoveSpeed: 8
    explosionDamage: 0
    itemValue: 3
    itemTimeVariation: 0
    Hp: 48
    randomPool: lurdlurd2468
    itemRandomPool: a
    id: 82
    AbsoluteTime: 227.3
    flagAlarm: 0
  - enemyType: 10
    enemySpawnTime: 2
    enemyMustache: 0
    enemyHP: 
    enemyDamage: 0
    enemyLane: 0
    enemyMoveSpeed: 8
    explosionDamage: 0
    itemValue: 3
    itemTimeVariation: 0
    Hp: 32
    randomPool: lurdlurd2468
    itemRandomPool: a
    id: 83
    AbsoluteTime: 229.3
    flagAlarm: 0
  - enemyType: 42
    enemySpawnTime: 3
    enemyMustache: 0
    enemyHP: 
    enemyDamage: 0
    enemyLane: 0
    enemyMoveSpeed: 5
    explosionDamage: 0
    itemValue: 3
    itemTimeVariation: 0
    Hp: 16
    randomPool: lurdlurd2468
    itemRandomPool: a
    id: 84
    AbsoluteTime: 232.3
    flagAlarm: 0
  - enemyType: 16
    enemySpawnTime: 3
    enemyMustache: 0
    enemyHP: 
    enemyDamage: 0
    enemyLane: 3
    enemyMoveSpeed: 8
    explosionDamage: 0
    itemValue: 3
    itemTimeVariation: 0
    Hp: 48
    randomPool: lurdlurd2468
    itemRandomPool: a
    id: 85
    AbsoluteTime: 235.3
    flagAlarm: 0
  - enemyType: 16
    enemySpawnTime: 2
    enemyMustache: 0
    enemyHP: 
    enemyDamage: 0
    enemyLane: 2
    enemyMoveSpeed: 8
    explosionDamage: 0
    itemValue: 3
    itemTimeVariation: 0
    Hp: 48
    randomPool: lurdlurd2468
    itemRandomPool: a
    id: 86
    AbsoluteTime: 237.3
    flagAlarm: 0
  - enemyType: 16
    enemySpawnTime: 2
    enemyMustache: 0
    enemyHP: 
    enemyDamage: 0
    enemyLane: 1
    enemyMoveSpeed: 8
    explosionDamage: 0
    itemValue: 3
    itemTimeVariation: 0
    Hp: 48
    randomPool: lurdlurd2468
    itemRandomPool: a
    id: 87
    AbsoluteTime: 239.3
    flagAlarm: 0
  - enemyType: 8
    enemySpawnTime: 2
    enemyMustache: 0
    enemyHP: 
    enemyDamage: 0
    enemyLane: 0
    enemyMoveSpeed: 8
    explosionDamage: 0
    itemValue: 3
    itemTimeVariation: 0
    Hp: 32
    randomPool: lurdlurd2468
    itemRandomPool: a
    id: 88
    AbsoluteTime: 241.3
    flagAlarm: 0
  - enemyType: 43
    enemySpawnTime: 3
    enemyMustache: 0
    enemyHP: 
    enemyDamage: 0
    enemyLane: 0
    enemyMoveSpeed: 7
    explosionDamage: 0
    itemValue: 3
    itemTimeVariation: 0
    Hp: 40
    randomPool: lurdlurd2468
    itemRandomPool: a
    id: 89
    AbsoluteTime: 244.3
    flagAlarm: 0
  - enemyType: 40
    enemySpawnTime: 10.5
    enemyMustache: 0
    enemyHP: 
    enemyDamage: 0
    enemyLane: 0
    enemyMoveSpeed: 8
    explosionDamage: 0
    itemValue: 1
    itemTimeVariation: 0
    Hp: 8
    randomPool: lurdlurd2468
    itemRandomPool: a
    id: 90
    AbsoluteTime: 254.8
    flagAlarm: 0
  - enemyType: 40
    enemySpawnTime: 1
    enemyMustache: 0
    enemyHP: 
    enemyDamage: 0
    enemyLane: 3
    enemyMoveSpeed: 8
    explosionDamage: 0
    itemValue: 1
    itemTimeVariation: 0
    Hp: 8
    randomPool: lurdlurd2468
    itemRandomPool: a
    id: 91
    AbsoluteTime: 255.8
    flagAlarm: 0
  - enemyType: 40
    enemySpawnTime: 1
    enemyMustache: 0
    enemyHP: 
    enemyDamage: 0
    enemyLane: 1
    enemyMoveSpeed: 8
    explosionDamage: 0
    itemValue: 1
    itemTimeVariation: 0
    Hp: 8
    randomPool: lurdlurd2468
    itemRandomPool: a
    id: 92
    AbsoluteTime: 256.8
    flagAlarm: 0
  - enemyType: 44
    enemySpawnTime: 8
    enemyMustache: 0
    enemyHP: 
    enemyDamage: 0
    enemyLane: 2
    enemyMoveSpeed: 5
    explosionDamage: 0
    itemValue: 2
    itemTimeVariation: 0
    Hp: 16
    randomPool: lurdlurd2468
    itemRandomPool: a
    id: 93
    AbsoluteTime: 264.8
    flagAlarm: 1
  - enemyType: 10
    enemySpawnTime: 4
    enemyMustache: 0
    enemyHP: 
    enemyDamage: 0
    enemyLane: 0
    enemyMoveSpeed: 5
    explosionDamage: 0
    itemValue: 3
    itemTimeVariation: 0
    Hp: 32
    randomPool: l
    itemRandomPool: a
    id: 94
    AbsoluteTime: 268.8
    flagAlarm: 0
  - enemyType: 10
    enemySpawnTime: 0
    enemyMustache: 0
    enemyHP: 
    enemyDamage: 0
    enemyLane: 1
    enemyMoveSpeed: 5
    explosionDamage: 0
    itemValue: 3
    itemTimeVariation: 0
    Hp: 32
    randomPool: l
    itemRandomPool: a
    id: 95
    AbsoluteTime: 268.8
    flagAlarm: 0
  - enemyType: 10
    enemySpawnTime: 0
    enemyMustache: 0
    enemyHP: 
    enemyDamage: 0
    enemyLane: 2
    enemyMoveSpeed: 5
    explosionDamage: 0
    itemValue: 3
    itemTimeVariation: 0
    Hp: 32
    randomPool: l
    itemRandomPool: a
    id: 96
    AbsoluteTime: 268.8
    flagAlarm: 0
  - enemyType: 42
    enemySpawnTime: 0.5
    enemyMustache: 0
    enemyHP: 
    enemyDamage: 0
    enemyLane: 0
    enemyMoveSpeed: 4
    explosionDamage: 0
    itemValue: 3
    itemTimeVariation: 0
    Hp: 32
    randomPool: u
    itemRandomPool: a
    id: 97
    AbsoluteTime: 269.3
    flagAlarm: 0
  - enemyType: 42
    enemySpawnTime: 0
    enemyMustache: 0
    enemyHP: 
    enemyDamage: 0
    enemyLane: 3
    enemyMoveSpeed: 4
    explosionDamage: 0
    itemValue: 3
    itemTimeVariation: 0
    Hp: 32
    randomPool: u
    itemRandomPool: a
    id: 98
    AbsoluteTime: 269.3
    flagAlarm: 0
  - enemyType: 16
    enemySpawnTime: 3
    enemyMustache: 0
    enemyHP: 
    enemyDamage: 0
    enemyLane: 1
    enemyMoveSpeed: 4
    explosionDamage: 0
    itemValue: 3
    itemTimeVariation: 0
    Hp: 48
    randomPool: lurdlurd2468
    itemRandomPool: a
    id: 99
    AbsoluteTime: 272.3
    flagAlarm: 0
  - enemyType: 4
    enemySpawnTime: 1.6
    enemyMustache: 0
    enemyHP: 
    enemyDamage: 0
    enemyLane: 2
    enemyMoveSpeed: 4
    explosionDamage: 0
    itemValue: 3
    itemTimeVariation: 0
    Hp: 63
    randomPool: lurdlurd248
    itemRandomPool: a
    id: 100
    AbsoluteTime: 273.9
    flagAlarm: 0
  - enemyType: 3
    enemySpawnTime: 1.6
    enemyMustache: 0
    enemyHP: 
    enemyDamage: 0
    enemyLane: 3
    enemyMoveSpeed: 4
    explosionDamage: 0
    itemValue: 3
    itemTimeVariation: 0
    Hp: 48
    randomPool: lurdlurd248
    itemRandomPool: a
    id: 101
    AbsoluteTime: 275.5
    flagAlarm: 0
  - enemyType: 1
    enemySpawnTime: 1.6
    enemyMustache: 0
    enemyHP: 
    enemyDamage: 0
    enemyLane: 0
    enemyMoveSpeed: 4
    explosionDamage: 0
    itemValue: 3
    itemTimeVariation: 0
    Hp: 72
    randomPool: lurdlurd248
    itemRandomPool: a
    id: 102
    AbsoluteTime: 277.1
    flagAlarm: 0
  - enemyType: 16
    enemySpawnTime: 1.6
    enemyMustache: 0
    enemyHP: 
    enemyDamage: 0
    enemyLane: 1
    enemyMoveSpeed: 4
    explosionDamage: 0
    itemValue: 3
    itemTimeVariation: 0
    Hp: 48
    randomPool: lurdlurd248
    itemRandomPool: a
    id: 103
    AbsoluteTime: 278.7
    flagAlarm: 0
  - enemyType: 4
    enemySpawnTime: 2.2
    enemyMustache: 0
    enemyHP: 
    enemyDamage: 0
    enemyLane: 2
    enemyMoveSpeed: 4
    explosionDamage: 0
    itemValue: 3
    itemTimeVariation: 0
    Hp: 63
    randomPool: lurdlurd248
    itemRandomPool: a
    id: 104
    AbsoluteTime: 280.9
    flagAlarm: 0
  - enemyType: 6
    enemySpawnTime: 3.2
    enemyMustache: 0
    enemyHP: 
    enemyDamage: 0
    enemyLane: 3
    enemyMoveSpeed: 4
    explosionDamage: 0
    itemValue: 3
    itemTimeVariation: 0
    Hp: 360
    randomPool: lurdlurd248
    itemRandomPool: a
    id: 105
    AbsoluteTime: 284.1
    flagAlarm: 0
  - enemyType: 0
    enemySpawnTime: 4.2
    enemyMustache: 0
    enemyHP: 
    enemyDamage: 0
    enemyLane: 0
    enemyMoveSpeed: 4
    explosionDamage: 0
    itemValue: 3
    itemTimeVariation: 0
    Hp: 72
    randomPool: lurdlurd248
    itemRandomPool: a
    id: 106
    AbsoluteTime: 288.3
    flagAlarm: 0
  - enemyType: 16
    enemySpawnTime: 4.2
    enemyMustache: 0
    enemyHP: 
    enemyDamage: 0
    enemyLane: 1
    enemyMoveSpeed: 4
    explosionDamage: 0
    itemValue: 3
    itemTimeVariation: 0
    Hp: 48
    randomPool: lurdlurd248
    itemRandomPool: a
    id: 107
    AbsoluteTime: 292.5001
    flagAlarm: 0
  - enemyType: 1
    enemySpawnTime: 5.1
    enemyMustache: 0
    enemyHP: 
    enemyDamage: 0
    enemyLane: 2
    enemyMoveSpeed: 4
    explosionDamage: 0
    itemValue: 3
    itemTimeVariation: 0
    Hp: 72
    randomPool: lurdlurd248
    itemRandomPool: a
    id: 108
    AbsoluteTime: 297.6001
    flagAlarm: 0
  - enemyType: 0
    enemySpawnTime: 0
    enemyMustache: 0
    enemyHP: 
    enemyDamage: 0
    enemyLane: 0
    enemyMoveSpeed: 4
    explosionDamage: 0
    itemValue: 3
    itemTimeVariation: 0
    Hp: 72
    randomPool: lurdlurd248
    itemRandomPool: a
    id: 109
    AbsoluteTime: 297.6001
    flagAlarm: 0
  - enemyType: 0
    enemySpawnTime: 5.1
    enemyMustache: 0
    enemyHP: 
    enemyDamage: 0
    enemyLane: 0
    enemyMoveSpeed: 4
    explosionDamage: 0
    itemValue: 3
    itemTimeVariation: 0
    Hp: 72
    randomPool: lurdlurd248
    itemRandomPool: a
    id: 110
    AbsoluteTime: 302.7001
    flagAlarm: 0
  - enemyType: 0
    enemySpawnTime: 3.1000001
    enemyMustache: 0
    enemyHP: 
    enemyDamage: 0
    enemyLane: 2
    enemyMoveSpeed: 4
    explosionDamage: 0
    itemValue: 3
    itemTimeVariation: 0
    Hp: 72
    randomPool: lurdlurd248
    itemRandomPool: a
    id: 111
    AbsoluteTime: 305.8001
    flagAlarm: 0
--- !u!114 &11432514
MonoBehaviour:
  m_ObjectHideFlags: 1
  m_PrefabParentObject: {fileID: 0}
  m_PrefabInternal: {fileID: 100100000}
  m_GameObject: {fileID: 103560}
  m_Enabled: 1
  m_EditorHideFlags: 0
  m_Script: {fileID: 11500000, guid: b35770897de0bcb46809566fd974b8e4, type: 3}
  m_Name: 
  m_EditorClassIdentifier: 
--- !u!1001 &100100000
Prefab:
  m_ObjectHideFlags: 1
  serializedVersion: 2
  m_Modification:
    m_TransformParent: {fileID: 0}
    m_Modifications: []
    m_RemovedComponents: []
  m_ParentPrefab: {fileID: 0}
  m_RootGameObject: {fileID: 103560}
  m_IsPrefabParent: 1
