%YAML 1.1
%TAG !u! tag:unity3d.com,2011:
--- !u!1 &180134
GameObject:
  m_ObjectHideFlags: 0
  m_PrefabParentObject: {fileID: 0}
  m_PrefabInternal: {fileID: 100100000}
  serializedVersion: 5
  m_Component:
  - component: {fileID: 492654}
  - component: {fileID: 11419108}
  - component: {fileID: 11422808}
  m_Layer: 0
  m_Name: ShowCaseLevel
  m_TagString: Untagged
  m_Icon: {fileID: 0}
  m_NavMeshLayer: 0
  m_StaticEditorFlags: 0
  m_IsActive: 1
--- !u!4 &492654
Transform:
  m_ObjectHideFlags: 1
  m_PrefabParentObject: {fileID: 0}
  m_PrefabInternal: {fileID: 100100000}
  m_GameObject: {fileID: 180134}
  m_LocalRotation: {x: 0, y: 0, z: 0, w: 1}
  m_LocalPosition: {x: 0, y: 0, z: 0}
  m_LocalScale: {x: 1, y: 1, z: 1}
  m_Children: []
  m_Father: {fileID: 0}
  m_RootOrder: 0
  m_LocalEulerAnglesHint: {x: 0, y: 0, z: 0}
--- !u!114 &11419108
MonoBehaviour:
  m_ObjectHideFlags: 1
  m_PrefabParentObject: {fileID: 0}
  m_PrefabInternal: {fileID: 100100000}
  m_GameObject: {fileID: 180134}
  m_Enabled: 1
  m_EditorHideFlags: 0
  m_Script: {fileID: 11500000, guid: 0703be101c1d61e4593e64684f3ecc89, type: 3}
  m_Name: 
  m_EditorClassIdentifier: 
  Wave: 1d000000
  Story: 00000000
  fatSpeed: 10
  fatDamage: 1
  fatMustacheDrop: 10
  fatHealth: 7
  thinSpeed: 8
  thinDamage: 1
  thinMustacheDrop: 5
  thinHealth: 4
  muscleSpeed: 8
  muscleDamage: 2
  muscleMustacheDrop: 10
  muscleHealth: 5
  giantSpeed: 18
  giantDamage: 15
  giantMustacheDrop: 20
  giantHealth: 15
  hfSpeed: 5
  hfDamage: 1
  hfMustacheDrop: 2
  hfHealth: 3
  hfxSpeed: 5
  hfxDamage: 5
  hfxMustacheDrop: 5
  hfxHealth: 3
  barrelSpeed: 9
  barrelDamage: 2
  barrelMustacheDrop: 10
  barrelHealth: 6
  barrelxSpeed: 9
  barrelxDamage: 8
  barrelxMustacheDrop: 10
  barrelxHealth: 6
  barrelqSpeed: 9
  barrelqDamage: 8
  barrelqMustacheDrop: 10
  barrelqHealth: 6
  hfStickyHealth: 2
  hfxExplosionDamage: 3
  barrelVulnerableTime: 3
  barrelXExplosionDamage: 3
  barrelXVulnerableTime: 3
  barrelQExplosionDamage: 5
  barrelQVulnerableTime: 3
  barrelQHedgehogDamage: 1
  Mustache: 32000000
  RandomChest: 02000000
  Items: 69000000
  FixedChest: []
  missesThresholdPercent: 95
  enemyList:
  - enemyType: 2
    enemySpawnTime: 2
    enemyMustache: 0
    enemyHP: 
    enemyDamage: 0
    enemyLane: 0
    enemyMoveSpeed: 0
    explosionDamage: 0
    itemValue: 0
    itemTimeVariation: 0
    Hp: 4
    randomPool: ud
    itemRandomPool: a
    id: 0
    AbsoluteTime: 2
    flagAlarm: 0
  - enemyType: 2
    enemySpawnTime: 2
    enemyMustache: 0
    enemyHP: 
    enemyDamage: 0
    enemyLane: 1
    enemyMoveSpeed: 0
    explosionDamage: 0
    itemValue: 0
    itemTimeVariation: 0
    Hp: 4
    randomPool: lr
    itemRandomPool: a
    id: 1
    AbsoluteTime: 4
    flagAlarm: 0
  - enemyType: 2
    enemySpawnTime: 2
    enemyMustache: 0
    enemyHP: 
    enemyDamage: 0
    enemyLane: 2
    enemyMoveSpeed: 0
    explosionDamage: 0
    itemValue: 0
    itemTimeVariation: 0
    Hp: 4
    randomPool: ud
    itemRandomPool: a
    id: 2
    AbsoluteTime: 6
    flagAlarm: 0
  - enemyType: 2
    enemySpawnTime: 2
    enemyMustache: 0
    enemyHP: 
    enemyDamage: 0
    enemyLane: 3
    enemyMoveSpeed: 0
    explosionDamage: 0
    itemValue: 0
    itemTimeVariation: 0
    Hp: 4
    randomPool: ud
    itemRandomPool: a
    id: 3
    AbsoluteTime: 8
    flagAlarm: 0
  - enemyType: 18
    enemySpawnTime: 0
    enemyMustache: 0
    enemyHP: 
    enemyDamage: 0
    enemyLane: 3
    enemyMoveSpeed: 12
    explosionDamage: 0
    itemValue: 1
    itemTimeVariation: 0
    Hp: 4
    randomPool: ud
    itemRandomPool: a
    id: 4
    AbsoluteTime: 8
    flagAlarm: 0
  - enemyType: 0
    enemySpawnTime: 3
    enemyMustache: 0
    enemyHP: 
    enemyDamage: 0
    enemyLane: 0
    enemyMoveSpeed: 0
    explosionDamage: 0
    itemValue: 0
    itemTimeVariation: 0
    Hp: 7
    randomPool: lurd
    itemRandomPool: a
    id: 5
    AbsoluteTime: 11
    flagAlarm: 0
  - enemyType: 0
    enemySpawnTime: 2
    enemyMustache: 0
    enemyHP: 
    enemyDamage: 0
    enemyLane: 1
    enemyMoveSpeed: 0
    explosionDamage: 0
    itemValue: 0
    itemTimeVariation: 0
    Hp: 7
    randomPool: lurd
    itemRandomPool: a
    id: 6
    AbsoluteTime: 13
    flagAlarm: 0
  - enemyType: 0
    enemySpawnTime: 2
    enemyMustache: 0
    enemyHP: 
    enemyDamage: 0
    enemyLane: 2
    enemyMoveSpeed: 0
    explosionDamage: 0
    itemValue: 0
    itemTimeVariation: 0
    Hp: 7
    randomPool: lurd
    itemRandomPool: a
    id: 7
    AbsoluteTime: 15
    flagAlarm: 0
  - enemyType: 0
    enemySpawnTime: 2
    enemyMustache: 0
    enemyHP: 
    enemyDamage: 0
    enemyLane: 3
    enemyMoveSpeed: 0
    explosionDamage: 0
    itemValue: 0
    itemTimeVariation: 0
    Hp: 7
    randomPool: lurd
    itemRandomPool: a
    id: 8
    AbsoluteTime: 17
    flagAlarm: 0
  - enemyType: 21
    enemySpawnTime: 0
    enemyMustache: 0
    enemyHP: 
    enemyDamage: 0
    enemyLane: 3
    enemyMoveSpeed: 10
    explosionDamage: 0
    itemValue: 1
    itemTimeVariation: 0
    Hp: 5
    randomPool: lurd
    itemRandomPool: a
    id: 9
    AbsoluteTime: 17
    flagAlarm: 0
  - enemyType: 4
    enemySpawnTime: 3
    enemyMustache: 0
    enemyHP: 
    enemyDamage: 0
    enemyLane: 0
    enemyMoveSpeed: 0
    explosionDamage: 0
    itemValue: 0
    itemTimeVariation: 0
    Hp: 5
    randomPool: lurdlurdlurd28
    itemRandomPool: a
    id: 10
    AbsoluteTime: 20
    flagAlarm: 0
  - enemyType: 4
    enemySpawnTime: 2
    enemyMustache: 0
    enemyHP: 
    enemyDamage: 0
    enemyLane: 1
    enemyMoveSpeed: 0
    explosionDamage: 0
    itemValue: 0
    itemTimeVariation: 0
    Hp: 5
    randomPool: lurdlurdlurd28
    itemRandomPool: a
    id: 11
    AbsoluteTime: 22
    flagAlarm: 0
  - enemyType: 4
    enemySpawnTime: 2
    enemyMustache: 0
    enemyHP: 
    enemyDamage: 0
    enemyLane: 2
    enemyMoveSpeed: 0
    explosionDamage: 0
    itemValue: 0
    itemTimeVariation: 0
    Hp: 5
    randomPool: lurdlurdlurd28
    itemRandomPool: a
    id: 12
    AbsoluteTime: 24
    flagAlarm: 0
  - enemyType: 4
    enemySpawnTime: 2
    enemyMustache: 0
    enemyHP: 
    enemyDamage: 0
    enemyLane: 3
    enemyMoveSpeed: 0
    explosionDamage: 0
    itemValue: 0
    itemTimeVariation: 0
    Hp: 5
    randomPool: lurdlurdlurd28
    itemRandomPool: a
    id: 13
    AbsoluteTime: 26
    flagAlarm: 0
  - enemyType: 22
    enemySpawnTime: 0
    enemyMustache: 0
    enemyHP: 
    enemyDamage: 0
    enemyLane: 3
    enemyMoveSpeed: 12
    explosionDamage: 0
    itemValue: 1
    itemTimeVariation: 0
    Hp: 5
    randomPool: lurdlurdlurd28
    itemRandomPool: a
    id: 14
    AbsoluteTime: 26
    flagAlarm: 0
  - enemyType: 8
    enemySpawnTime: 3
    enemyMustache: 0
    enemyHP: 
    enemyDamage: 0
    enemyLane: 0
    enemyMoveSpeed: 0
    explosionDamage: 0
    itemValue: 0
    itemTimeVariation: 0
    Hp: 3
    randomPool: lurdlurdlurd28
    itemRandomPool: a
    id: 15
    AbsoluteTime: 29
    flagAlarm: 0
  - enemyType: 8
    enemySpawnTime: 2
    enemyMustache: 0
    enemyHP: 
    enemyDamage: 0
    enemyLane: 1
    enemyMoveSpeed: 0
    explosionDamage: 0
    itemValue: 0
    itemTimeVariation: 0
    Hp: 3
    randomPool: lurdlurdlurd28
    itemRandomPool: a
    id: 16
    AbsoluteTime: 31
    flagAlarm: 0
  - enemyType: 8
    enemySpawnTime: 2
    enemyMustache: 0
    enemyHP: 
    enemyDamage: 0
    enemyLane: 2
    enemyMoveSpeed: 0
    explosionDamage: 0
    itemValue: 0
    itemTimeVariation: 0
    Hp: 3
    randomPool: lurdlurdlurd28
    itemRandomPool: a
    id: 17
    AbsoluteTime: 33
    flagAlarm: 0
  - enemyType: 8
    enemySpawnTime: 2
    enemyMustache: 0
    enemyHP: 
    enemyDamage: 0
    enemyLane: 3
    enemyMoveSpeed: 0
    explosionDamage: 0
    itemValue: 0
    itemTimeVariation: 0
    Hp: 3
    randomPool: lurdlurdlurd28
    itemRandomPool: a
    id: 18
    AbsoluteTime: 35
    flagAlarm: 0
  - enemyType: 10
    enemySpawnTime: 3
    enemyMustache: 0
    enemyHP: 
    enemyDamage: 0
    enemyLane: 0
    enemyMoveSpeed: 0
    explosionDamage: 0
    itemValue: 0
    itemTimeVariation: 0
    Hp: 3
    randomPool: lurdlurdlurd28
    itemRandomPool: a
    id: 19
    AbsoluteTime: 38
    flagAlarm: 0
  - enemyType: 10
    enemySpawnTime: 2
    enemyMustache: 0
    enemyHP: 
    enemyDamage: 0
    enemyLane: 1
    enemyMoveSpeed: 0
    explosionDamage: 0
    itemValue: 0
    itemTimeVariation: 0
    Hp: 3
    randomPool: lurdlurdlurd28
    itemRandomPool: a
    id: 20
    AbsoluteTime: 40
    flagAlarm: 0
  - enemyType: 10
    enemySpawnTime: 2
    enemyMustache: 0
    enemyHP: 
    enemyDamage: 0
    enemyLane: 2
    enemyMoveSpeed: 0
    explosionDamage: 0
    itemValue: 0
    itemTimeVariation: 0
    Hp: 3
    randomPool: lurdlurdlurd28
    itemRandomPool: a
    id: 21
    AbsoluteTime: 42
    flagAlarm: 0
  - enemyType: 10
    enemySpawnTime: 2
    enemyMustache: 0
    enemyHP: 
    enemyDamage: 0
    enemyLane: 3
    enemyMoveSpeed: 0
    explosionDamage: 0
    itemValue: 0
    itemTimeVariation: 0
    Hp: 3
    randomPool: lurdlurdlurd28
    itemRandomPool: a
    id: 22
    AbsoluteTime: 44
    flagAlarm: 0
  - enemyType: 23
    enemySpawnTime: 0
    enemyMustache: 0
    enemyHP: 
    enemyDamage: 0
    enemyLane: 3
    enemyMoveSpeed: 12
    explosionDamage: 0
    itemValue: 1
    itemTimeVariation: 0
    Hp: 5
    randomPool: lurdlurdlurd28
    itemRandomPool: a
    id: 23
    AbsoluteTime: 44
    flagAlarm: 0
  - enemyType: 6
    enemySpawnTime: 3
    enemyMustache: 0
    enemyHP: 
    enemyDamage: 0
    enemyLane: 0
    enemyMoveSpeed: 0
    explosionDamage: 0
    itemValue: 0
    itemTimeVariation: 0
    Hp: 15
    randomPool: lurdlurdlurd28
    itemRandomPool: a
    id: 24
    AbsoluteTime: 47
    flagAlarm: 0
  - enemyType: 6
    enemySpawnTime: 2
    enemyMustache: 0
    enemyHP: 
    enemyDamage: 0
    enemyLane: 1
    enemyMoveSpeed: 0
    explosionDamage: 0
    itemValue: 0
    itemTimeVariation: 0
    Hp: 15
    randomPool: lurdlurdlurd28
    itemRandomPool: a
    id: 25
    AbsoluteTime: 49
    flagAlarm: 0
  - enemyType: 6
    enemySpawnTime: 2
    enemyMustache: 0
    enemyHP: 
    enemyDamage: 0
    enemyLane: 2
    enemyMoveSpeed: 0
    explosionDamage: 0
    itemValue: 0
    itemTimeVariation: 0
    Hp: 15
    randomPool: lurdlurdlurd28
    itemRandomPool: a
    id: 26
    AbsoluteTime: 51
    flagAlarm: 0
  - enemyType: 6
    enemySpawnTime: 2
    enemyMustache: 0
    enemyHP: 
    enemyDamage: 0
    enemyLane: 3
    enemyMoveSpeed: 0
    explosionDamage: 0
    itemValue: 0
    itemTimeVariation: 0
    Hp: 15
    randomPool: lurdlurdlurd28
    itemRandomPool: a
    id: 27
    AbsoluteTime: 53
    flagAlarm: 0
  - enemyType: 20
    enemySpawnTime: 0
    enemyMustache: 0
    enemyHP: 
    enemyDamage: 0
    enemyLane: 3
    enemyMoveSpeed: 10
    explosionDamage: 0
    itemValue: 1
    itemTimeVariation: 0
    Hp: 5
    randomPool: lurdlurdlurd28
    itemRandomPool: a
    id: 28
    AbsoluteTime: 53
    flagAlarm: 0
  - enemyType: 12
    enemySpawnTime: 11
    enemyMustache: 0
    enemyHP: 
    enemyDamage: 0
    enemyLane: 0
    enemyMoveSpeed: 0
    explosionDamage: 0
    itemValue: 0
    itemTimeVariation: 0
    Hp: 6
    randomPool: lurdlurdlurd28
    itemRandomPool: a
    id: 29
    AbsoluteTime: 64
    flagAlarm: 0
  - enemyType: 12
    enemySpawnTime: 4
    enemyMustache: 0
    enemyHP: 
    enemyDamage: 0
    enemyLane: 1
    enemyMoveSpeed: 0
    explosionDamage: 0
    itemValue: 0
    itemTimeVariation: 0
    Hp: 6
    randomPool: lurdlurdlurd28
    itemRandomPool: a
    id: 30
    AbsoluteTime: 68
    flagAlarm: 0
  - enemyType: 12
    enemySpawnTime: 4
    enemyMustache: 0
    enemyHP: 
    enemyDamage: 0
    enemyLane: 2
    enemyMoveSpeed: 0
    explosionDamage: 0
    itemValue: 0
    itemTimeVariation: 0
    Hp: 6
    randomPool: lurdlurdlurd28
    itemRandomPool: a
    id: 31
    AbsoluteTime: 72
    flagAlarm: 0
  - enemyType: 12
    enemySpawnTime: 4
    enemyMustache: 0
    enemyHP: 
    enemyDamage: 0
    enemyLane: 3
    enemyMoveSpeed: 0
    explosionDamage: 0
    itemValue: 0
    itemTimeVariation: 0
    Hp: 6
    randomPool: lurdlurdlurd28
    itemRandomPool: a
    id: 32
    AbsoluteTime: 76
    flagAlarm: 0
  - enemyType: 14
    enemySpawnTime: 4
    enemyMustache: 0
    enemyHP: 
    enemyDamage: 0
    enemyLane: 0
    enemyMoveSpeed: 0
    explosionDamage: 0
    itemValue: 0
    itemTimeVariation: 0
    Hp: 6
    randomPool: lurdlurdlurd28
    itemRandomPool: a
    id: 33
    AbsoluteTime: 80
    flagAlarm: 0
  - enemyType: 14
    enemySpawnTime: 4
    enemyMustache: 0
    enemyHP: 
    enemyDamage: 0
    enemyLane: 1
    enemyMoveSpeed: 0
    explosionDamage: 0
    itemValue: 0
    itemTimeVariation: 0
    Hp: 6
    randomPool: lurdlurdlurd28
    itemRandomPool: a
    id: 34
    AbsoluteTime: 84
    flagAlarm: 0
  - enemyType: 14
    enemySpawnTime: 4
    enemyMustache: 0
    enemyHP: 
    enemyDamage: 0
    enemyLane: 2
    enemyMoveSpeed: 0
    explosionDamage: 0
    itemValue: 0
    itemTimeVariation: 0
    Hp: 6
    randomPool: lurdlurdlurd28
    itemRandomPool: a
    id: 35
    AbsoluteTime: 88
    flagAlarm: 0
  - enemyType: 14
    enemySpawnTime: 4
    enemyMustache: 0
    enemyHP: 
    enemyDamage: 0
    enemyLane: 3
    enemyMoveSpeed: 0
    explosionDamage: 0
    itemValue: 0
    itemTimeVariation: 0
    Hp: 6
    randomPool: lurdlurdlurd28
    itemRandomPool: a
    id: 36
    AbsoluteTime: 92
    flagAlarm: 0
--- !u!114 &11422808
MonoBehaviour:
  m_ObjectHideFlags: 1
  m_PrefabParentObject: {fileID: 0}
  m_PrefabInternal: {fileID: 100100000}
  m_GameObject: {fileID: 180134}
  m_Enabled: 1
  m_EditorHideFlags: 0
  m_Script: {fileID: 11500000, guid: b35770897de0bcb46809566fd974b8e4, type: 3}
  m_Name: 
  m_EditorClassIdentifier: 
--- !u!1001 &100100000
Prefab:
  m_ObjectHideFlags: 1
  serializedVersion: 2
  m_Modification:
    m_TransformParent: {fileID: 0}
    m_Modifications: []
    m_RemovedComponents: []
  m_ParentPrefab: {fileID: 0}
  m_RootGameObject: {fileID: 180134}
  m_IsPrefabParent: 1
