%YAML 1.1
%TAG !u! tag:unity3d.com,2011:
--- !u!1 &150114
GameObject:
  m_ObjectHideFlags: 0
  m_PrefabParentObject: {fileID: 0}
  m_PrefabInternal: {fileID: 100100000}
  serializedVersion: 5
  m_Component:
  - component: {fileID: 460632}
  - component: {fileID: 11466000}
  - component: {fileID: 11455610}
  m_Layer: 0
  m_Name: Level 2-10 LD
  m_TagString: Untagged
  m_Icon: {fileID: 0}
  m_NavMeshLayer: 0
  m_StaticEditorFlags: 0
  m_IsActive: 1
--- !u!4 &460632
Transform:
  m_ObjectHideFlags: 1
  m_PrefabParentObject: {fileID: 0}
  m_PrefabInternal: {fileID: 100100000}
  m_GameObject: {fileID: 150114}
  m_LocalRotation: {x: 0, y: 0, z: 0, w: 1}
  m_LocalPosition: {x: 0, y: 0, z: 0}
  m_LocalScale: {x: 1, y: 1, z: 1}
  m_Children: []
  m_Father: {fileID: 0}
  m_RootOrder: 0
  m_LocalEulerAnglesHint: {x: 0, y: 0, z: 0}
--- !u!114 &11455610
MonoBehaviour:
  m_ObjectHideFlags: 1
  m_PrefabParentObject: {fileID: 0}
  m_PrefabInternal: {fileID: 100100000}
  m_GameObject: {fileID: 150114}
  m_Enabled: 1
  m_EditorHideFlags: 0
  m_Script: {fileID: 11500000, guid: b35770897de0bcb46809566fd974b8e4, type: 3}
  m_Name: 
  m_EditorClassIdentifier: 
--- !u!114 &11466000
MonoBehaviour:
  m_ObjectHideFlags: 1
  m_PrefabParentObject: {fileID: 0}
  m_PrefabInternal: {fileID: 100100000}
  m_GameObject: {fileID: 150114}
  m_Enabled: 1
  m_EditorHideFlags: 0
  m_Script: {fileID: 11500000, guid: 0703be101c1d61e4593e64684f3ecc89, type: 3}
  m_Name: 
  m_EditorClassIdentifier: 
  Wave: 15000000430000006f000000
  Story: 
  fatSpeed: 10.2
  fatDamage: 1
  fatMustacheDrop: 4
  fatHealth: 27
  thinSpeed: 6
  thinDamage: 1
  thinMustacheDrop: 3
  thinHealth: 13
  muscleSpeed: 8
  muscleDamage: 2
  muscleMustacheDrop: 6
  muscleHealth: 19
  giantSpeed: 0
  giantDamage: 0
  giantMustacheDrop: 0
  giantHealth: 0
  hfSpeed: 3.8
  hfDamage: 1
  hfMustacheDrop: 3
  hfHealth: 9
  hfxSpeed: 4.1
  hfxDamage: 4
  hfxMustacheDrop: 8
  hfxHealth: 9
  barrelSpeed: 0
  barrelDamage: 0
  barrelMustacheDrop: 0
  barrelHealth: 0
  barrelxSpeed: 0
  barrelxDamage: 0
  barrelxMustacheDrop: 0
  barrelxHealth: 0
  barrelqSpeed: 0
  barrelqDamage: 0
  barrelqMustacheDrop: 0
  barrelqHealth: 0
  hfStickyHealth: 2
  hfxExplosionDamage: 9
  barrelVulnerableTime: 0
  barrelXExplosionDamage: 0
  barrelXVulnerableTime: 0
  barrelQExplosionDamage: 0
  barrelQVulnerableTime: 0
  barrelQHedgehogDamage: 0
  Mustache: 
  RandomChest: 
  Items: 
  FixedChest: []
  missesThresholdPercent: 99
  enemyList:
  - enemyType: 2
    enemySpawnTime: 1
    enemyMustache: 0
    enemyHP: lddurrdu
    enemyDamage: 0
    enemyLane: 0
    enemyMoveSpeed: 0
    explosionDamage: 0
    itemValue: 0
    itemTimeVariation: 0
    Hp: 13
    randomPool: lurd
    itemRandomPool: a
    id: 0
    AbsoluteTime: 1
    flagAlarm: 0
  - enemyType: 2
    enemySpawnTime: 0
    enemyMustache: 0
    enemyHP: ddurrdu
    enemyDamage: 0
    enemyLane: 2
    enemyMoveSpeed: 0
    explosionDamage: 0
    itemValue: 0
    itemTimeVariation: 0
    Hp: 13
    randomPool: lurd
    itemRandomPool: a
    id: 1
    AbsoluteTime: 1
    flagAlarm: 0
  - enemyType: 2
    enemySpawnTime: 0
    enemyMustache: 0
    enemyHP: ddurrdu
    enemyDamage: 0
    enemyLane: 3
    enemyMoveSpeed: 0
    explosionDamage: 0
    itemValue: 0
    itemTimeVariation: 0
    Hp: 13
    randomPool: lurd
    itemRandomPool: a
    id: 2
    AbsoluteTime: 1
    flagAlarm: 0
  - enemyType: 4
    enemySpawnTime: 2
    enemyMustache: 0
    enemyHP: 
    enemyDamage: 0
    enemyLane: 1
    enemyMoveSpeed: 0
    explosionDamage: 0
    itemValue: 0
    itemTimeVariation: 0
    Hp: 19
    randomPool: lurd8
    itemRandomPool: a
    id: 3
    AbsoluteTime: 3
    flagAlarm: 0
  - enemyType: 0
    enemySpawnTime: 2.1
    enemyMustache: 0
    enemyHP: 
    enemyDamage: 0
    enemyLane: 3
    enemyMoveSpeed: 0
    explosionDamage: 0
    itemValue: 0
    itemTimeVariation: 0
    Hp: 27
    randomPool: lurd
    itemRandomPool: a
    id: 4
    AbsoluteTime: 5.1
    flagAlarm: 0
  - enemyType: 2
    enemySpawnTime: 1.6
    enemyMustache: 0
    enemyHP: 
    enemyDamage: 0
    enemyLane: 0
    enemyMoveSpeed: 0
    explosionDamage: 0
    itemValue: 0
    itemTimeVariation: 0
    Hp: 13
    randomPool: lurd2
    itemRandomPool: a
    id: 5
    AbsoluteTime: 6.7
    flagAlarm: 0
  - enemyType: 2
    enemySpawnTime: 0
    enemyMustache: 0
    enemyHP: 
    enemyDamage: 0
    enemyLane: 2
    enemyMoveSpeed: 0
    explosionDamage: 0
    itemValue: 0
    itemTimeVariation: 0
    Hp: 13
    randomPool: lurd
    itemRandomPool: a
    id: 6
    AbsoluteTime: 6.7
    flagAlarm: 0
  - enemyType: 20
    enemySpawnTime: 2.2
    enemyMustache: 0
    enemyHP: 
    enemyDamage: 0
    enemyLane: 0
    enemyMoveSpeed: 4
    explosionDamage: 0
    itemValue: 1
    itemTimeVariation: 0
    Hp: 7
    randomPool: lurd
    itemRandomPool: a
    id: 7
    AbsoluteTime: 8.9
    flagAlarm: 0
  - enemyType: 0
    enemySpawnTime: 5.5
    enemyMustache: 0
    enemyHP: 
    enemyDamage: 0
    enemyLane: 0
    enemyMoveSpeed: 4
    explosionDamage: 0
    itemValue: 1
    itemTimeVariation: 0
    Hp: 27
    randomPool: lurd
    itemRandomPool: a
    id: 8
    AbsoluteTime: 14.4
    flagAlarm: 0
  - enemyType: 19
    enemySpawnTime: 1
    enemyMustache: 0
    enemyHP: 
    enemyDamage: 0
    enemyLane: 3
    enemyMoveSpeed: 7
    explosionDamage: 0
    itemValue: 2
    itemTimeVariation: 0
    Hp: 18
    randomPool: lurd28
    itemRandomPool: a
    id: 9
    AbsoluteTime: 15.4
    flagAlarm: 0
  - enemyType: 0
    enemySpawnTime: 1
    enemyMustache: 0
    enemyHP: 
    enemyDamage: 0
    enemyLane: 3
    enemyMoveSpeed: 6.5
    explosionDamage: 0
    itemValue: 2
    itemTimeVariation: 0
    Hp: 27
    randomPool: lurd
    itemRandomPool: a
    id: 10
    AbsoluteTime: 16.4
    flagAlarm: 0
  - enemyType: 0
    enemySpawnTime: 1.5
    enemyMustache: 0
    enemyHP: 
    enemyDamage: 0
    enemyLane: 0
    enemyMoveSpeed: 6.5
    explosionDamage: 0
    itemValue: 2
    itemTimeVariation: 0
    Hp: 27
    randomPool: lurd28
    itemRandomPool: a
    id: 11
    AbsoluteTime: 17.9
    flagAlarm: 0
  - enemyType: 0
    enemySpawnTime: 1.5
    enemyMustache: 0
    enemyHP: 
    enemyDamage: 0
    enemyLane: 3
    enemyMoveSpeed: 6.5
    explosionDamage: 0
    itemValue: 2
    itemTimeVariation: 0
    Hp: 27
    randomPool: lurd
    itemRandomPool: a
    id: 12
    AbsoluteTime: 19.4
    flagAlarm: 0
  - enemyType: 8
    enemySpawnTime: 0
    enemyMustache: 0
    enemyHP: luu
    enemyDamage: 0
    enemyLane: 1
    enemyMoveSpeed: 6.5
    explosionDamage: 0
    itemValue: 2
    itemTimeVariation: 0
    Hp: 9
    randomPool: lurd
    itemRandomPool: a
    id: 13
    AbsoluteTime: 19.4
    flagAlarm: 0
  - enemyType: 8
    enemySpawnTime: 0
    enemyMustache: 0
    enemyHP: luu
    enemyDamage: 0
    enemyLane: 2
    enemyMoveSpeed: 6.5
    explosionDamage: 0
    itemValue: 2
    itemTimeVariation: 0
    Hp: 9
    randomPool: lurd
    itemRandomPool: a
    id: 14
    AbsoluteTime: 19.4
    flagAlarm: 0
  - enemyType: 0
    enemySpawnTime: 1.5
    enemyMustache: 0
    enemyHP: 
    enemyDamage: 0
    enemyLane: 0
    enemyMoveSpeed: 6.5
    explosionDamage: 0
    itemValue: 2
    itemTimeVariation: 0
    Hp: 27
    randomPool: lurd
    itemRandomPool: a
    id: 15
    AbsoluteTime: 20.9
    flagAlarm: 0
  - enemyType: 0
    enemySpawnTime: 2
    enemyMustache: 0
    enemyHP: 
    enemyDamage: 0
    enemyLane: 3
    enemyMoveSpeed: 6.5
    explosionDamage: 0
    itemValue: 2
    itemTimeVariation: 0
    Hp: 27
    randomPool: lurd
    itemRandomPool: a
    id: 16
    AbsoluteTime: 22.9
    flagAlarm: 0
  - enemyType: 4
    enemySpawnTime: 2.5
    enemyMustache: 0
    enemyHP: 
    enemyDamage: 0
    enemyLane: 1
    enemyMoveSpeed: 6.5
    explosionDamage: 0
    itemValue: 2
    itemTimeVariation: 0
    Hp: 19
    randomPool: lurd
    itemRandomPool: a
    id: 17
    AbsoluteTime: 25.4
    flagAlarm: 0
  - enemyType: 4
    enemySpawnTime: 0
    enemyMustache: 0
    enemyHP: 
    enemyDamage: 0
    enemyLane: 2
    enemyMoveSpeed: 6.5
    explosionDamage: 0
    itemValue: 2
    itemTimeVariation: 0
    Hp: 19
    randomPool: lurd
    itemRandomPool: a
    id: 18
    AbsoluteTime: 25.4
    flagAlarm: 0
  - enemyType: 8
    enemySpawnTime: 2.5
    enemyMustache: 0
    enemyHP: 
    enemyDamage: 0
    enemyLane: 0
    enemyMoveSpeed: 6.5
    explosionDamage: 0
    itemValue: 2
    itemTimeVariation: 0
    Hp: 9
    randomPool: lurd2
    itemRandomPool: a
    id: 19
    AbsoluteTime: 27.9
    flagAlarm: 0
  - enemyType: 2
    enemySpawnTime: 2
    enemyMustache: 0
    enemyHP: 
    enemyDamage: 0
    enemyLane: 3
    enemyMoveSpeed: 6.5
    explosionDamage: 0
    itemValue: 2
    itemTimeVariation: 0
    Hp: 13
    randomPool: lurd
    itemRandomPool: a
    id: 20
    AbsoluteTime: 29.9
    flagAlarm: 0
  - enemyType: 4
    enemySpawnTime: 8
    enemyMustache: 0
    enemyHP: 
    enemyDamage: 0
    enemyLane: 1
    enemyMoveSpeed: 6.5
    explosionDamage: 0
    itemValue: 2
    itemTimeVariation: 0
    Hp: 19
    randomPool: lurd28
    itemRandomPool: a
    id: 21
    AbsoluteTime: 37.9
    flagAlarm: 1
  - enemyType: 2
    enemySpawnTime: 0
    enemyMustache: 0
    enemyHP: 
    enemyDamage: 0
    enemyLane: 2
    enemyMoveSpeed: 6.5
    explosionDamage: 0
    itemValue: 2
    itemTimeVariation: 0
    Hp: 13
    randomPool: lurd
    itemRandomPool: a
    id: 22
    AbsoluteTime: 37.9
    flagAlarm: 0
  - enemyType: 2
    enemySpawnTime: 2
    enemyMustache: 0
    enemyHP: 
    enemyDamage: 0
    enemyLane: 3
    enemyMoveSpeed: 6.5
    explosionDamage: 0
    itemValue: 2
    itemTimeVariation: 0
    Hp: 13
    randomPool: lurd
    itemRandomPool: a
    id: 23
    AbsoluteTime: 39.9
    flagAlarm: 0
  - enemyType: 0
    enemySpawnTime: 1
    enemyMustache: 0
    enemyHP: 
    enemyDamage: 0
    enemyLane: 0
    enemyMoveSpeed: 6.5
    explosionDamage: 0
    itemValue: 2
    itemTimeVariation: 0
    Hp: 27
    randomPool: lurd
    itemRandomPool: a
    id: 24
    AbsoluteTime: 40.9
    flagAlarm: 0
  - enemyType: 4
    enemySpawnTime: 1.2
    enemyMustache: 0
    enemyHP: 
    enemyDamage: 0
    enemyLane: 1
    enemyMoveSpeed: 6.5
    explosionDamage: 0
    itemValue: 2
    itemTimeVariation: 0
    Hp: 19
    randomPool: lurd28
    itemRandomPool: a
    id: 25
    AbsoluteTime: 42.1
    flagAlarm: 0
  - enemyType: 2
    enemySpawnTime: 1.2
    enemyMustache: 0
    enemyHP: 
    enemyDamage: 0
    enemyLane: 2
    enemyMoveSpeed: 6.5
    explosionDamage: 0
    itemValue: 2
    itemTimeVariation: 0
    Hp: 13
    randomPool: lurd
    itemRandomPool: a
    id: 26
    AbsoluteTime: 43.3
    flagAlarm: 0
  - enemyType: 0
    enemySpawnTime: 1.2
    enemyMustache: 0
    enemyHP: 
    enemyDamage: 0
    enemyLane: 0
    enemyMoveSpeed: 6.5
    explosionDamage: 0
    itemValue: 2
    itemTimeVariation: 0
    Hp: 27
    randomPool: lurd
    itemRandomPool: a
    id: 27
    AbsoluteTime: 44.5
    flagAlarm: 0
  - enemyType: 0
    enemySpawnTime: 1.2
    enemyMustache: 0
    enemyHP: 
    enemyDamage: 0
    enemyLane: 3
    enemyMoveSpeed: 6.5
    explosionDamage: 0
    itemValue: 2
    itemTimeVariation: 0
    Hp: 27
    randomPool: lurd
    itemRandomPool: a
    id: 28
    AbsoluteTime: 45.7
    flagAlarm: 0
  - enemyType: 4
    enemySpawnTime: 1.2
    enemyMustache: 0
    enemyHP: 
    enemyDamage: 0
    enemyLane: 1
    enemyMoveSpeed: 6.5
    explosionDamage: 0
    itemValue: 2
    itemTimeVariation: 0
    Hp: 19
    randomPool: lurd28
    itemRandomPool: a
    id: 29
    AbsoluteTime: 46.90001
    flagAlarm: 0
  - enemyType: 2
    enemySpawnTime: 1.2
    enemyMustache: 0
    enemyHP: 
    enemyDamage: 0
    enemyLane: 2
    enemyMoveSpeed: 6.5
    explosionDamage: 0
    itemValue: 2
    itemTimeVariation: 0
    Hp: 13
    randomPool: lurd
    itemRandomPool: a
    id: 30
    AbsoluteTime: 48.10001
    flagAlarm: 0
  - enemyType: 4
    enemySpawnTime: 1.8
    enemyMustache: 0
    enemyHP: 
    enemyDamage: 0
    enemyLane: 1
    enemyMoveSpeed: 6.5
    explosionDamage: 0
    itemValue: 2
    itemTimeVariation: 0
    Hp: 19
    randomPool: lurdlurd28
    itemRandomPool: a
    id: 31
    AbsoluteTime: 49.90001
    flagAlarm: 0
  - enemyType: 2
    enemySpawnTime: 6.9
    enemyMustache: 0
    enemyHP: 
    enemyDamage: 0
    enemyLane: 1
    enemyMoveSpeed: 6.5
    explosionDamage: 0
    itemValue: 2
    itemTimeVariation: 0
    Hp: 13
    randomPool: lurd
    itemRandomPool: a
    id: 32
    AbsoluteTime: 56.80001
    flagAlarm: 0
  - enemyType: 2
    enemySpawnTime: 1.4
    enemyMustache: 0
    enemyHP: 
    enemyDamage: 0
    enemyLane: 2
    enemyMoveSpeed: 6.5
    explosionDamage: 0
    itemValue: 2
    itemTimeVariation: 0
    Hp: 13
    randomPool: lurd
    itemRandomPool: a
    id: 33
    AbsoluteTime: 58.20001
    flagAlarm: 0
  - enemyType: 2
    enemySpawnTime: 1.4
    enemyMustache: 0
    enemyHP: 
    enemyDamage: 0
    enemyLane: 3
    enemyMoveSpeed: 6.5
    explosionDamage: 0
    itemValue: 2
    itemTimeVariation: 0
    Hp: 13
    randomPool: lurd
    itemRandomPool: a
    id: 34
    AbsoluteTime: 59.60001
    flagAlarm: 0
  - enemyType: 2
    enemySpawnTime: 1.4
    enemyMustache: 0
    enemyHP: 
    enemyDamage: 0
    enemyLane: 2
    enemyMoveSpeed: 6.5
    explosionDamage: 0
    itemValue: 2
    itemTimeVariation: 0
    Hp: 13
    randomPool: lurd
    itemRandomPool: a
    id: 35
    AbsoluteTime: 61.00001
    flagAlarm: 0
  - enemyType: 2
    enemySpawnTime: 1.4
    enemyMustache: 0
    enemyHP: 
    enemyDamage: 0
    enemyLane: 1
    enemyMoveSpeed: 6.5
    explosionDamage: 0
    itemValue: 2
    itemTimeVariation: 0
    Hp: 13
    randomPool: lurd
    itemRandomPool: a
    id: 36
    AbsoluteTime: 62.40001
    flagAlarm: 0
  - enemyType: 4
    enemySpawnTime: 1.4
    enemyMustache: 0
    enemyHP: 
    enemyDamage: 0
    enemyLane: 0
    enemyMoveSpeed: 6.5
    explosionDamage: 0
    itemValue: 2
    itemTimeVariation: 0
    Hp: 19
    randomPool: lurd
    itemRandomPool: a
    id: 37
    AbsoluteTime: 63.80001
    flagAlarm: 0
  - enemyType: 4
    enemySpawnTime: 1.4
    enemyMustache: 0
    enemyHP: 
    enemyDamage: 0
    enemyLane: 1
    enemyMoveSpeed: 6.5
    explosionDamage: 0
    itemValue: 2
    itemTimeVariation: 0
    Hp: 19
    randomPool: lurd
    itemRandomPool: a
    id: 38
    AbsoluteTime: 65.20001
    flagAlarm: 0
  - enemyType: 4
    enemySpawnTime: 1.4
    enemyMustache: 0
    enemyHP: 
    enemyDamage: 0
    enemyLane: 2
    enemyMoveSpeed: 6.5
    explosionDamage: 0
    itemValue: 2
    itemTimeVariation: 0
    Hp: 19
    randomPool: lurd
    itemRandomPool: a
    id: 39
    AbsoluteTime: 66.60001
    flagAlarm: 0
  - enemyType: 4
    enemySpawnTime: 1.4
    enemyMustache: 0
    enemyHP: 
    enemyDamage: 0
    enemyLane: 3
    enemyMoveSpeed: 6.5
    explosionDamage: 0
    itemValue: 2
    itemTimeVariation: 0
    Hp: 19
    randomPool: lurd
    itemRandomPool: a
    id: 40
    AbsoluteTime: 68.00002
    flagAlarm: 0
  - enemyType: 4
    enemySpawnTime: 1.4
    enemyMustache: 0
    enemyHP: 
    enemyDamage: 0
    enemyLane: 2
    enemyMoveSpeed: 6.5
    explosionDamage: 0
    itemValue: 2
    itemTimeVariation: 0
    Hp: 19
    randomPool: lurd
    itemRandomPool: a
    id: 41
    AbsoluteTime: 69.40002
    flagAlarm: 0
  - enemyType: 4
    enemySpawnTime: 1.4
    enemyMustache: 0
    enemyHP: 
    enemyDamage: 0
    enemyLane: 1
    enemyMoveSpeed: 6.5
    explosionDamage: 0
    itemValue: 2
    itemTimeVariation: 0
    Hp: 19
    randomPool: lurd
    itemRandomPool: a
    id: 42
    AbsoluteTime: 70.80002
    flagAlarm: 0
  - enemyType: 0
    enemySpawnTime: 1.4
    enemyMustache: 0
    enemyHP: 
    enemyDamage: 0
    enemyLane: 0
    enemyMoveSpeed: 6.5
    explosionDamage: 0
    itemValue: 2
    itemTimeVariation: 0
    Hp: 27
    randomPool: lurd
    itemRandomPool: a
    id: 43
    AbsoluteTime: 72.20002
    flagAlarm: 0
  - enemyType: 0
    enemySpawnTime: 1.4
    enemyMustache: 0
    enemyHP: 
    enemyDamage: 0
    enemyLane: 1
    enemyMoveSpeed: 6.5
    explosionDamage: 0
    itemValue: 2
    itemTimeVariation: 0
    Hp: 27
    randomPool: lurd
    itemRandomPool: a
    id: 44
    AbsoluteTime: 73.60002
    flagAlarm: 0
  - enemyType: 0
    enemySpawnTime: 1.4
    enemyMustache: 0
    enemyHP: 
    enemyDamage: 0
    enemyLane: 2
    enemyMoveSpeed: 6.5
    explosionDamage: 0
    itemValue: 2
    itemTimeVariation: 0
    Hp: 27
    randomPool: lurlur28
    itemRandomPool: a
    id: 45
    AbsoluteTime: 75.00002
    flagAlarm: 0
  - enemyType: 0
    enemySpawnTime: 1.4
    enemyMustache: 0
    enemyHP: 
    enemyDamage: 0
    enemyLane: 3
    enemyMoveSpeed: 6.5
    explosionDamage: 0
    itemValue: 2
    itemTimeVariation: 0
    Hp: 27
    randomPool: lurd2
    itemRandomPool: a
    id: 46
    AbsoluteTime: 76.40002
    flagAlarm: 0
  - enemyType: 0
    enemySpawnTime: 1.4
    enemyMustache: 0
    enemyHP: 
    enemyDamage: 0
    enemyLane: 2
    enemyMoveSpeed: 6.5
    explosionDamage: 0
    itemValue: 2
    itemTimeVariation: 0
    Hp: 27
    randomPool: lurd8
    itemRandomPool: a
    id: 47
    AbsoluteTime: 77.80003
    flagAlarm: 0
  - enemyType: 0
    enemySpawnTime: 1.4
    enemyMustache: 0
    enemyHP: 
    enemyDamage: 0
    enemyLane: 1
    enemyMoveSpeed: 6.5
    explosionDamage: 0
    itemValue: 2
    itemTimeVariation: 0
    Hp: 27
    randomPool: lurdlurd28
    itemRandomPool: a
    id: 48
    AbsoluteTime: 79.20003
    flagAlarm: 0
  - enemyType: 23
    enemySpawnTime: 0
    enemyMustache: 0
    enemyHP: 
    enemyDamage: 0
    enemyLane: 1
    enemyMoveSpeed: 7
    explosionDamage: 0
    itemValue: 1
    itemTimeVariation: 0
    Hp: 15
    randomPool: lurd
    itemRandomPool: a
    id: 49
    AbsoluteTime: 79.20003
    flagAlarm: 0
  - enemyType: 0
    enemySpawnTime: 1.4
    enemyMustache: 0
    enemyHP: 
    enemyDamage: 0
    enemyLane: 0
    enemyMoveSpeed: 6.5
    explosionDamage: 0
    itemValue: 2
    itemTimeVariation: 0
    Hp: 27
    randomPool: lurlur8
    itemRandomPool: a
    id: 50
    AbsoluteTime: 80.60003
    flagAlarm: 0
  - enemyType: 19
    enemySpawnTime: 6
    enemyMustache: 0
    enemyHP: 
    enemyDamage: 0
    enemyLane: 0
    enemyMoveSpeed: 7
    explosionDamage: 0
    itemValue: 2
    itemTimeVariation: 0
    Hp: 15
    randomPool: lurd
    itemRandomPool: a
    id: 51
    AbsoluteTime: 86.60003
    flagAlarm: 0
  - enemyType: 8
    enemySpawnTime: 4
    enemyMustache: 0
    enemyHP: 
    enemyDamage: 0
    enemyLane: 0
    enemyMoveSpeed: 7
    explosionDamage: 0
    itemValue: 2
    itemTimeVariation: 0
    Hp: 9
    randomPool: lurd
    itemRandomPool: a
    id: 52
    AbsoluteTime: 90.60003
    flagAlarm: 0
  - enemyType: 8
    enemySpawnTime: 0
    enemyMustache: 0
    enemyHP: 
    enemyDamage: 0
    enemyLane: 1
    enemyMoveSpeed: 7
    explosionDamage: 0
    itemValue: 2
    itemTimeVariation: 0
    Hp: 9
    randomPool: lurd2
    itemRandomPool: a
    id: 53
    AbsoluteTime: 90.60003
    flagAlarm: 0
  - enemyType: 8
    enemySpawnTime: 0
    enemyMustache: 0
    enemyHP: 
    enemyDamage: 0
    enemyLane: 2
    enemyMoveSpeed: 7
    explosionDamage: 0
    itemValue: 2
    itemTimeVariation: 0
    Hp: 9
    randomPool: lurd8
    itemRandomPool: a
    id: 54
    AbsoluteTime: 90.60003
    flagAlarm: 0
  - enemyType: 8
    enemySpawnTime: 0
    enemyMustache: 0
    enemyHP: 
    enemyDamage: 0
    enemyLane: 3
    enemyMoveSpeed: 7
    explosionDamage: 0
    itemValue: 2
    itemTimeVariation: 0
    Hp: 9
    randomPool: lurd
    itemRandomPool: a
    id: 55
    AbsoluteTime: 90.60003
    flagAlarm: 0
  - enemyType: 10
    enemySpawnTime: 4
    enemyMustache: 0
    enemyHP: 
    enemyDamage: 0
    enemyLane: 0
    enemyMoveSpeed: 7
    explosionDamage: 0
    itemValue: 2
    itemTimeVariation: 0
    Hp: 9
    randomPool: lurd
    itemRandomPool: a
    id: 56
    AbsoluteTime: 94.60003
    flagAlarm: 0
  - enemyType: 10
    enemySpawnTime: 0
    enemyMustache: 0
    enemyHP: 
    enemyDamage: 0
    enemyLane: 1
    enemyMoveSpeed: 7
    explosionDamage: 0
    itemValue: 2
    itemTimeVariation: 0
    Hp: 9
    randomPool: lurd
    itemRandomPool: a
    id: 57
    AbsoluteTime: 94.60003
    flagAlarm: 0
  - enemyType: 10
    enemySpawnTime: 0
    enemyMustache: 0
    enemyHP: 
    enemyDamage: 0
    enemyLane: 2
    enemyMoveSpeed: 7
    explosionDamage: 0
    itemValue: 2
    itemTimeVariation: 0
    Hp: 9
    randomPool: lurd
    itemRandomPool: a
    id: 58
    AbsoluteTime: 94.60003
    flagAlarm: 0
  - enemyType: 10
    enemySpawnTime: 0
    enemyMustache: 0
    enemyHP: 
    enemyDamage: 0
    enemyLane: 3
    enemyMoveSpeed: 7
    explosionDamage: 0
    itemValue: 2
    itemTimeVariation: 0
    Hp: 9
    randomPool: lurd
    itemRandomPool: a
    id: 59
    AbsoluteTime: 94.60003
    flagAlarm: 0
  - enemyType: 0
    enemySpawnTime: 6
    enemyMustache: 0
    enemyHP: 
    enemyDamage: 0
    enemyLane: 0
    enemyMoveSpeed: 7
    explosionDamage: 0
    itemValue: 2
    itemTimeVariation: 0
    Hp: 27
    randomPool: lurd
    itemRandomPool: a
    id: 60
    AbsoluteTime: 100.6
    flagAlarm: 0
  - enemyType: 0
    enemySpawnTime: 5
    enemyMustache: 0
    enemyHP: 
    enemyDamage: 0
    enemyLane: 3
    enemyMoveSpeed: 7
    explosionDamage: 0
    itemValue: 2
    itemTimeVariation: 0
    Hp: 27
    randomPool: lurd
    itemRandomPool: a
    id: 61
    AbsoluteTime: 105.6
    flagAlarm: 0
  - enemyType: 0
    enemySpawnTime: 5
    enemyMustache: 0
    enemyHP: 
    enemyDamage: 0
    enemyLane: 1
    enemyMoveSpeed: 7
    explosionDamage: 0
    itemValue: 2
    itemTimeVariation: 0
    Hp: 27
    randomPool: lurd
    itemRandomPool: a
    id: 62
    AbsoluteTime: 110.6
    flagAlarm: 0
  - enemyType: 2
    enemySpawnTime: 0
    enemyMustache: 0
    enemyHP: 
    enemyDamage: 0
    enemyLane: 2
    enemyMoveSpeed: 7
    explosionDamage: 0
    itemValue: 2
    itemTimeVariation: 0
    Hp: 13
    randomPool: lurd
    itemRandomPool: a
    id: 63
    AbsoluteTime: 110.6
    flagAlarm: 0
  - enemyType: 21
    enemySpawnTime: 4
    enemyMustache: 0
    enemyHP: 
    enemyDamage: 0
    enemyLane: 2
    enemyMoveSpeed: 7
    explosionDamage: 0
    itemValue: 1
    itemTimeVariation: 0
    Hp: 15
    randomPool: lurd
    itemRandomPool: a
    id: 64
    AbsoluteTime: 114.6
    flagAlarm: 0
  - enemyType: 4
    enemySpawnTime: 4
    enemyMustache: 0
    enemyHP: 
    enemyDamage: 0
    enemyLane: 0
    enemyMoveSpeed: 7
    explosionDamage: 0
    itemValue: 1
    itemTimeVariation: 0
    Hp: 19
    randomPool: lurd
    itemRandomPool: a
    id: 65
    AbsoluteTime: 118.6
    flagAlarm: 0
  - enemyType: 8
    enemySpawnTime: 0
    enemyMustache: 0
    enemyHP: 
    enemyDamage: 0
    enemyLane: 1
    enemyMoveSpeed: 7
    explosionDamage: 0
    itemValue: 1
    itemTimeVariation: 0
    Hp: 9
    randomPool: lurd
    itemRandomPool: a
    id: 66
    AbsoluteTime: 118.6
    flagAlarm: 0
  - enemyType: 0
    enemySpawnTime: 10
    enemyMustache: 0
    enemyHP: 
    enemyDamage: 0
    enemyLane: 0
    enemyMoveSpeed: 7
    explosionDamage: 0
    itemValue: 1
    itemTimeVariation: 0
    Hp: 27
    randomPool: lurd8
    itemRandomPool: a
    id: 67
    AbsoluteTime: 128.6
    flagAlarm: 1
  - enemyType: 2
    enemySpawnTime: 1
    enemyMustache: 0
    enemyHP: 
    enemyDamage: 0
    enemyLane: 1
    enemyMoveSpeed: 7
    explosionDamage: 0
    itemValue: 1
    itemTimeVariation: 0
    Hp: 13
    randomPool: lurd
    itemRandomPool: a
    id: 68
    AbsoluteTime: 129.6
    flagAlarm: 0
  - enemyType: 2
    enemySpawnTime: 0
    enemyMustache: 0
    enemyHP: 
    enemyDamage: 0
    enemyLane: 2
    enemyMoveSpeed: 7
    explosionDamage: 0
    itemValue: 1
    itemTimeVariation: 0
    Hp: 13
    randomPool: lurd
    itemRandomPool: a
    id: 69
    AbsoluteTime: 129.6
    flagAlarm: 0
  - enemyType: 2
    enemySpawnTime: 1.5
    enemyMustache: 0
    enemyHP: 
    enemyDamage: 0
    enemyLane: 3
    enemyMoveSpeed: 7
    explosionDamage: 0
    itemValue: 1
    itemTimeVariation: 0
    Hp: 13
    randomPool: lurd
    itemRandomPool: a
    id: 70
    AbsoluteTime: 131.1
    flagAlarm: 0
  - enemyType: 4
    enemySpawnTime: 1.5
    enemyMustache: 0
    enemyHP: 
    enemyDamage: 0
    enemyLane: 1
    enemyMoveSpeed: 7
    explosionDamage: 0
    itemValue: 1
    itemTimeVariation: 0
    Hp: 19
    randomPool: lurd
    itemRandomPool: a
    id: 71
    AbsoluteTime: 132.6
    flagAlarm: 0
  - enemyType: 4
    enemySpawnTime: 0
    enemyMustache: 0
    enemyHP: 
    enemyDamage: 0
    enemyLane: 2
    enemyMoveSpeed: 7
    explosionDamage: 0
    itemValue: 1
    itemTimeVariation: 0
    Hp: 19
    randomPool: lurd2
    itemRandomPool: a
    id: 72
    AbsoluteTime: 132.6
    flagAlarm: 0
  - enemyType: 2
    enemySpawnTime: 1.8
    enemyMustache: 0
    enemyHP: 
    enemyDamage: 0
    enemyLane: 3
    enemyMoveSpeed: 7
    explosionDamage: 0
    itemValue: 1
    itemTimeVariation: 0
    Hp: 13
    randomPool: lurd
    itemRandomPool: a
    id: 73
    AbsoluteTime: 134.4
    flagAlarm: 0
  - enemyType: 20
    enemySpawnTime: 1.8
    enemyMustache: 0
    enemyHP: 
    enemyDamage: 0
    enemyLane: 3
    enemyMoveSpeed: 5
    explosionDamage: 0
    itemValue: 1
    itemTimeVariation: 0
    Hp: 4
    randomPool: lu28
    itemRandomPool: a
    id: 74
    AbsoluteTime: 136.2
    flagAlarm: 0
  - enemyType: 0
    enemySpawnTime: 1.4
    enemyMustache: 0
    enemyHP: 
    enemyDamage: 0
    enemyLane: 0
    enemyMoveSpeed: 7
    explosionDamage: 0
    itemValue: 1
    itemTimeVariation: 0
    Hp: 27
    randomPool: lurd
    itemRandomPool: a
    id: 75
    AbsoluteTime: 137.6
    flagAlarm: 0
  - enemyType: 0
    enemySpawnTime: 1.4
    enemyMustache: 0
    enemyHP: 
    enemyDamage: 0
    enemyLane: 1
    enemyMoveSpeed: 7
    explosionDamage: 0
    itemValue: 1
    itemTimeVariation: 0
    Hp: 27
    randomPool: lurd
    itemRandomPool: a
    id: 76
    AbsoluteTime: 139
    flagAlarm: 0
  - enemyType: 0
    enemySpawnTime: 1.4
    enemyMustache: 0
    enemyHP: 
    enemyDamage: 0
    enemyLane: 2
    enemyMoveSpeed: 7
    explosionDamage: 0
    itemValue: 1
    itemTimeVariation: 0
    Hp: 27
    randomPool: lurd
    itemRandomPool: a
    id: 77
    AbsoluteTime: 140.4
    flagAlarm: 0
  - enemyType: 2
    enemySpawnTime: 10
    enemyMustache: 0
    enemyHP: lllllllll
    enemyDamage: 0
    enemyLane: 0
    enemyMoveSpeed: 7
    explosionDamage: 0
    itemValue: 1
    itemTimeVariation: 0
    Hp: 13
    randomPool: lurd
    itemRandomPool: a
    id: 78
    AbsoluteTime: 150.4
    flagAlarm: 0
  - enemyType: 2
    enemySpawnTime: 0
    enemyMustache: 0
    enemyHP: rrrrrrrr
    enemyDamage: 0
    enemyLane: 3
    enemyMoveSpeed: 7
    explosionDamage: 0
    itemValue: 1
    itemTimeVariation: 0
    Hp: 13
    randomPool: lurd
    itemRandomPool: a
    id: 79
    AbsoluteTime: 150.4
    flagAlarm: 0
  - enemyType: 10
    enemySpawnTime: 3
    enemyMustache: 0
    enemyHP: 2lud
    enemyDamage: 0
    enemyLane: 1
    enemyMoveSpeed: 7
    explosionDamage: 0
    itemValue: 1
    itemTimeVariation: 0
    Hp: 9
    randomPool: lurd
    itemRandomPool: a
    id: 80
    AbsoluteTime: 153.4
    flagAlarm: 0
  - enemyType: 10
    enemySpawnTime: 3
    enemyMustache: 0
    enemyHP: 8l8u
    enemyDamage: 0
    enemyLane: 2
    enemyMoveSpeed: 7
    explosionDamage: 0
    itemValue: 1
    itemTimeVariation: 0
    Hp: 9
    randomPool: lurd
    itemRandomPool: a
    id: 81
    AbsoluteTime: 156.4
    flagAlarm: 0
  - enemyType: 0
    enemySpawnTime: 4
    enemyMustache: 0
    enemyHP: udrrldudrr
    enemyDamage: 0
    enemyLane: 0
    enemyMoveSpeed: 7
    explosionDamage: 0
    itemValue: 1
    itemTimeVariation: 0
    Hp: 27
    randomPool: lurd
    itemRandomPool: a
    id: 82
    AbsoluteTime: 160.4
    flagAlarm: 0
  - enemyType: 4
    enemySpawnTime: 0
    enemyMustache: 0
    enemyHP: drrldudrr
    enemyDamage: 0
    enemyLane: 1
    enemyMoveSpeed: 7
    explosionDamage: 0
    itemValue: 1
    itemTimeVariation: 0
    Hp: 19
    randomPool: lurd
    itemRandomPool: a
    id: 83
    AbsoluteTime: 160.4
    flagAlarm: 0
  - enemyType: 2
    enemySpawnTime: 0
    enemyMustache: 0
    enemyHP: rrldudrr
    enemyDamage: 0
    enemyLane: 2
    enemyMoveSpeed: 7
    explosionDamage: 0
    itemValue: 1
    itemTimeVariation: 0
    Hp: 13
    randomPool: lurd
    itemRandomPool: a
    id: 84
    AbsoluteTime: 160.4
    flagAlarm: 0
  - enemyType: 8
    enemySpawnTime: 0
    enemyMustache: 0
    enemyHP: rldudrr
    enemyDamage: 0
    enemyLane: 3
    enemyMoveSpeed: 7
    explosionDamage: 0
    itemValue: 1
    itemTimeVariation: 0
    Hp: 9
    randomPool: lurd
    itemRandomPool: a
    id: 85
    AbsoluteTime: 160.4
    flagAlarm: 0
  - enemyType: 19
    enemySpawnTime: 6.5
    enemyMustache: 0
    enemyHP: 
    enemyDamage: 0
    enemyLane: 0
    enemyMoveSpeed: 7
    explosionDamage: 0
    itemValue: 2
    itemTimeVariation: 0
    Hp: 15
    randomPool: lurd
    itemRandomPool: a
    id: 86
    AbsoluteTime: 166.9
    flagAlarm: 0
  - enemyType: 4
    enemySpawnTime: 2
    enemyMustache: 0
    enemyHP: 
    enemyDamage: 0
    enemyLane: 3
    enemyMoveSpeed: 7
    explosionDamage: 0
    itemValue: 1
    itemTimeVariation: 0
    Hp: 19
    randomPool: lurd
    itemRandomPool: a
    id: 87
    AbsoluteTime: 168.9
    flagAlarm: 0
  - enemyType: 4
    enemySpawnTime: 0
    enemyMustache: 0
    enemyHP: 
    enemyDamage: 0
    enemyLane: 2
    enemyMoveSpeed: 7
    explosionDamage: 0
    itemValue: 1
    itemTimeVariation: 0
    Hp: 19
    randomPool: lurd
    itemRandomPool: a
    id: 88
    AbsoluteTime: 168.9
    flagAlarm: 0
  - enemyType: 4
    enemySpawnTime: 0
    enemyMustache: 0
    enemyHP: 
    enemyDamage: 0
    enemyLane: 1
    enemyMoveSpeed: 7
    explosionDamage: 0
    itemValue: 1
    itemTimeVariation: 0
    Hp: 19
    randomPool: lurd
    itemRandomPool: a
    id: 89
    AbsoluteTime: 168.9
    flagAlarm: 0
  - enemyType: 4
    enemySpawnTime: 2.5
    enemyMustache: 0
    enemyHP: 
    enemyDamage: 0
    enemyLane: 0
    enemyMoveSpeed: 7
    explosionDamage: 0
    itemValue: 1
    itemTimeVariation: 0
    Hp: 19
    randomPool: lurd
    itemRandomPool: a
    id: 90
    AbsoluteTime: 171.4
    flagAlarm: 0
  - enemyType: 4
    enemySpawnTime: 0
    enemyMustache: 0
    enemyHP: 
    enemyDamage: 0
    enemyLane: 1
    enemyMoveSpeed: 7
    explosionDamage: 0
    itemValue: 1
    itemTimeVariation: 0
    Hp: 19
    randomPool: lurd
    itemRandomPool: a
    id: 91
    AbsoluteTime: 171.4
    flagAlarm: 0
  - enemyType: 4
    enemySpawnTime: 0
    enemyMustache: 0
    enemyHP: 
    enemyDamage: 0
    enemyLane: 2
    enemyMoveSpeed: 7
    explosionDamage: 0
    itemValue: 1
    itemTimeVariation: 0
    Hp: 19
    randomPool: lurd
    itemRandomPool: a
    id: 92
    AbsoluteTime: 171.4
    flagAlarm: 0
  - enemyType: 4
    enemySpawnTime: 2.5
    enemyMustache: 0
    enemyHP: 
    enemyDamage: 0
    enemyLane: 3
    enemyMoveSpeed: 7
    explosionDamage: 0
    itemValue: 1
    itemTimeVariation: 0
    Hp: 19
    randomPool: lurd
    itemRandomPool: a
    id: 93
    AbsoluteTime: 173.9
    flagAlarm: 0
  - enemyType: 4
    enemySpawnTime: 0
    enemyMustache: 0
    enemyHP: 
    enemyDamage: 0
    enemyLane: 2
    enemyMoveSpeed: 7
    explosionDamage: 0
    itemValue: 1
    itemTimeVariation: 0
    Hp: 19
    randomPool: lurd
    itemRandomPool: a
    id: 94
    AbsoluteTime: 173.9
    flagAlarm: 0
  - enemyType: 4
    enemySpawnTime: 0
    enemyMustache: 0
    enemyHP: 
    enemyDamage: 0
    enemyLane: 1
    enemyMoveSpeed: 7
    explosionDamage: 0
    itemValue: 1
    itemTimeVariation: 0
    Hp: 19
    randomPool: lurd
    itemRandomPool: a
    id: 95
    AbsoluteTime: 173.9
    flagAlarm: 0
  - enemyType: 0
    enemySpawnTime: 5
    enemyMustache: 0
    enemyHP: 
    enemyDamage: 0
    enemyLane: 0
    enemyMoveSpeed: 7
    explosionDamage: 0
    itemValue: 1
    itemTimeVariation: 0
    Hp: 27
    randomPool: lurd
    itemRandomPool: a
    id: 96
    AbsoluteTime: 178.9
    flagAlarm: 0
  - enemyType: 0
    enemySpawnTime: 2
    enemyMustache: 0
    enemyHP: 
    enemyDamage: 0
    enemyLane: 2
    enemyMoveSpeed: 7
    explosionDamage: 0
    itemValue: 1
    itemTimeVariation: 0
    Hp: 27
    randomPool: lurd
    itemRandomPool: a
    id: 97
    AbsoluteTime: 180.9
    flagAlarm: 0
  - enemyType: 0
    enemySpawnTime: 2
    enemyMustache: 0
    enemyHP: 
    enemyDamage: 0
    enemyLane: 0
    enemyMoveSpeed: 7
    explosionDamage: 0
    itemValue: 1
    itemTimeVariation: 0
    Hp: 27
    randomPool: lurd
    itemRandomPool: a
    id: 98
    AbsoluteTime: 182.9
    flagAlarm: 0
  - enemyType: 8
    enemySpawnTime: 0.8
    enemyMustache: 0
    enemyHP: 
    enemyDamage: 0
    enemyLane: 1
    enemyMoveSpeed: 7
    explosionDamage: 0
    itemValue: 1
    itemTimeVariation: 0
    Hp: 9
    randomPool: lurd
    itemRandomPool: a
    id: 99
    AbsoluteTime: 183.7
    flagAlarm: 0
  - enemyType: 0
    enemySpawnTime: 1.2
    enemyMustache: 0
    enemyHP: 
    enemyDamage: 0
    enemyLane: 2
    enemyMoveSpeed: 7
    explosionDamage: 0
    itemValue: 1
    itemTimeVariation: 0
    Hp: 27
    randomPool: lurd
    itemRandomPool: a
    id: 100
    AbsoluteTime: 184.9
    flagAlarm: 0
  - enemyType: 0
    enemySpawnTime: 2
    enemyMustache: 0
    enemyHP: 
    enemyDamage: 0
    enemyLane: 0
    enemyMoveSpeed: 7
    explosionDamage: 0
    itemValue: 1
    itemTimeVariation: 0
    Hp: 27
    randomPool: lurd
    itemRandomPool: a
    id: 101
    AbsoluteTime: 186.9
    flagAlarm: 0
  - enemyType: 0
    enemySpawnTime: 2
    enemyMustache: 0
    enemyHP: 
    enemyDamage: 0
    enemyLane: 2
    enemyMoveSpeed: 7
    explosionDamage: 0
    itemValue: 1
    itemTimeVariation: 0
    Hp: 27
    randomPool: lurd
    itemRandomPool: a
    id: 102
    AbsoluteTime: 188.9
    flagAlarm: 0
  - enemyType: 10
    enemySpawnTime: 0.8
    enemyMustache: 0
    enemyHP: 
    enemyDamage: 0
    enemyLane: 3
    enemyMoveSpeed: 7
    explosionDamage: 0
    itemValue: 1
    itemTimeVariation: 0
    Hp: 9
    randomPool: lurd
    itemRandomPool: a
    id: 103
    AbsoluteTime: 189.7
    flagAlarm: 0
  - enemyType: 0
    enemySpawnTime: 1.2
    enemyMustache: 0
    enemyHP: 
    enemyDamage: 0
    enemyLane: 0
    enemyMoveSpeed: 7
    explosionDamage: 0
    itemValue: 1
    itemTimeVariation: 0
    Hp: 27
    randomPool: lurd
    itemRandomPool: a
    id: 104
    AbsoluteTime: 190.9
    flagAlarm: 0
  - enemyType: 0
    enemySpawnTime: 2
    enemyMustache: 0
    enemyHP: 
    enemyDamage: 0
    enemyLane: 2
    enemyMoveSpeed: 7
    explosionDamage: 0
    itemValue: 1
    itemTimeVariation: 0
    Hp: 27
    randomPool: lurd
    itemRandomPool: a
    id: 105
    AbsoluteTime: 192.9
    flagAlarm: 0
  - enemyType: 0
    enemySpawnTime: 2
    enemyMustache: 0
    enemyHP: 
    enemyDamage: 0
    enemyLane: 0
    enemyMoveSpeed: 7
    explosionDamage: 0
    itemValue: 1
    itemTimeVariation: 0
    Hp: 27
    randomPool: lurd
    itemRandomPool: a
    id: 106
    AbsoluteTime: 194.9
    flagAlarm: 0
  - enemyType: 0
    enemySpawnTime: 2
    enemyMustache: 0
    enemyHP: 
    enemyDamage: 0
    enemyLane: 2
    enemyMoveSpeed: 7
    explosionDamage: 0
    itemValue: 1
    itemTimeVariation: 0
    Hp: 27
    randomPool: lurd
    itemRandomPool: a
    id: 107
    AbsoluteTime: 196.9
    flagAlarm: 0
  - enemyType: 10
    enemySpawnTime: 0.8
    enemyMustache: 0
    enemyHP: 
    enemyDamage: 0
    enemyLane: 1
    enemyMoveSpeed: 7
    explosionDamage: 0
    itemValue: 1
    itemTimeVariation: 0
    Hp: 9
    randomPool: lurd
    itemRandomPool: a
    id: 108
    AbsoluteTime: 197.7
    flagAlarm: 0
  - enemyType: 0
    enemySpawnTime: 1.2
    enemyMustache: 0
    enemyHP: 
    enemyDamage: 0
    enemyLane: 0
    enemyMoveSpeed: 7
    explosionDamage: 0
    itemValue: 1
    itemTimeVariation: 0
    Hp: 27
    randomPool: lurd
    itemRandomPool: a
    id: 109
    AbsoluteTime: 198.9
    flagAlarm: 0
  - enemyType: 18
    enemySpawnTime: 8
    enemyMustache: 0
    enemyHP: 
    enemyDamage: 0
    enemyLane: 0
    enemyMoveSpeed: 7
    explosionDamage: 0
    itemValue: 2
    itemTimeVariation: 0
    Hp: 15
    randomPool: lurd
    itemRandomPool: a
    id: 110
    AbsoluteTime: 206.9
    flagAlarm: 0
  - enemyType: 4
    enemySpawnTime: 8
    enemyMustache: 0
    enemyHP: 
    enemyDamage: 0
    enemyLane: 0
    enemyMoveSpeed: 7
    explosionDamage: 0
    itemValue: 2
    itemTimeVariation: 0
    Hp: 19
    randomPool: lurd8
    itemRandomPool: a
    id: 111
    AbsoluteTime: 214.9
    flagAlarm: 1
  - enemyType: 4
    enemySpawnTime: 0
    enemyMustache: 0
    enemyHP: 
    enemyDamage: 0
    enemyLane: 1
    enemyMoveSpeed: 7
    explosionDamage: 0
    itemValue: 2
    itemTimeVariation: 0
    Hp: 19
    randomPool: lurd2
    itemRandomPool: a
    id: 112
    AbsoluteTime: 214.9
    flagAlarm: 0
  - enemyType: 4
    enemySpawnTime: 0
    enemyMustache: 0
    enemyHP: 
    enemyDamage: 0
    enemyLane: 3
    enemyMoveSpeed: 7
    explosionDamage: 0
    itemValue: 2
    itemTimeVariation: 0
    Hp: 19
    randomPool: lurd
    itemRandomPool: a
    id: 113
    AbsoluteTime: 214.9
    flagAlarm: 0
  - enemyType: 8
    enemySpawnTime: 1.2
    enemyMustache: 0
    enemyHP: 
    enemyDamage: 0
    enemyLane: 2
    enemyMoveSpeed: 7
    explosionDamage: 0
    itemValue: 2
    itemTimeVariation: 0
    Hp: 9
    randomPool: lurd
    itemRandomPool: a
    id: 114
    AbsoluteTime: 216.1
    flagAlarm: 0
  - enemyType: 0
    enemySpawnTime: 1.2
    enemyMustache: 0
    enemyHP: 
    enemyDamage: 0
    enemyLane: 0
    enemyMoveSpeed: 7
    explosionDamage: 0
    itemValue: 2
    itemTimeVariation: 0
    Hp: 27
    randomPool: lurd
    itemRandomPool: a
    id: 115
    AbsoluteTime: 217.3
    flagAlarm: 0
  - enemyType: 0
    enemySpawnTime: 1.2
    enemyMustache: 0
    enemyHP: 
    enemyDamage: 0
    enemyLane: 3
    enemyMoveSpeed: 7
    explosionDamage: 0
    itemValue: 2
    itemTimeVariation: 0
    Hp: 27
    randomPool: lurd
    itemRandomPool: a
    id: 116
    AbsoluteTime: 218.5
    flagAlarm: 0
  - enemyType: 8
    enemySpawnTime: 1.2
    enemyMustache: 0
    enemyHP: 
    enemyDamage: 0
    enemyLane: 2
    enemyMoveSpeed: 7
    explosionDamage: 0
    itemValue: 2
    itemTimeVariation: 0
    Hp: 9
    randomPool: lurd
    itemRandomPool: a
    id: 117
    AbsoluteTime: 219.7
    flagAlarm: 0
  - enemyType: 2
    enemySpawnTime: 1.5
    enemyMustache: 0
    enemyHP: 
    enemyDamage: 0
    enemyLane: 1
    enemyMoveSpeed: 7
    explosionDamage: 0
    itemValue: 2
    itemTimeVariation: 0
    Hp: 13
    randomPool: lurd
    itemRandomPool: a
    id: 118
    AbsoluteTime: 221.2
    flagAlarm: 0
  - enemyType: 20
    enemySpawnTime: 1.2
    enemyMustache: 0
    enemyHP: 
    enemyDamage: 0
    enemyLane: 0
    enemyMoveSpeed: 7
    explosionDamage: 0
    itemValue: 1
    itemTimeVariation: 0
    Hp: 7
    randomPool: lurd2
    itemRandomPool: a
    id: 119
    AbsoluteTime: 222.4
    flagAlarm: 0
  - enemyType: 0
    enemySpawnTime: 1.2
    enemyMustache: 0
    enemyHP: 
    enemyDamage: 0
    enemyLane: 0
    enemyMoveSpeed: 7
    explosionDamage: 0
    itemValue: 1
    itemTimeVariation: 0
    Hp: 27
    randomPool: lurd
    itemRandomPool: a
    id: 120
    AbsoluteTime: 223.6
    flagAlarm: 0
  - enemyType: 0
    enemySpawnTime: 0
    enemyMustache: 0
    enemyHP: 
    enemyDamage: 0
    enemyLane: 3
    enemyMoveSpeed: 7
    explosionDamage: 0
    itemValue: 1
    itemTimeVariation: 0
    Hp: 27
    randomPool: lurd
    itemRandomPool: a
    id: 121
    AbsoluteTime: 223.6
    flagAlarm: 0
  - enemyType: 8
    enemySpawnTime: 2
    enemyMustache: 0
    enemyHP: 
    enemyDamage: 0
    enemyLane: 2
    enemyMoveSpeed: 7
    explosionDamage: 0
    itemValue: 1
    itemTimeVariation: 0
    Hp: 9
    randomPool: lurd2
    itemRandomPool: a
    id: 122
    AbsoluteTime: 225.6
    flagAlarm: 0
  - enemyType: 4
    enemySpawnTime: 1
    enemyMustache: 0
    enemyHP: 
    enemyDamage: 0
    enemyLane: 1
    enemyMoveSpeed: 7
    explosionDamage: 0
    itemValue: 1
    itemTimeVariation: 0
    Hp: 19
    randomPool: lurdlr28
    itemRandomPool: a
    id: 123
    AbsoluteTime: 226.6
    flagAlarm: 0
  - enemyType: 4
    enemySpawnTime: 0
    enemyMustache: 0
    enemyHP: 
    enemyDamage: 0
    enemyLane: 2
    enemyMoveSpeed: 7
    explosionDamage: 0
    itemValue: 1
    itemTimeVariation: 0
    Hp: 19
    randomPool: lurd28
    itemRandomPool: a
    id: 124
    AbsoluteTime: 226.6
    flagAlarm: 0
--- !u!1001 &100100000
Prefab:
  m_ObjectHideFlags: 1
  serializedVersion: 2
  m_Modification:
    m_TransformParent: {fileID: 0}
    m_Modifications: []
    m_RemovedComponents: []
  m_ParentPrefab: {fileID: 0}
  m_RootGameObject: {fileID: 150114}
  m_IsPrefabParent: 1
